Date;Type;Merchant/Description;Debit/Credit;Balance;
18/11/2023;CARD PAYMENT;***** ****** **** **** ***** ***** ** **********;-£22.85;+£202.16;
18/11/2023;CARD PAYMENT;********** ** ****** * **** ***** ***** ** **********;-£3.99;+£225.01;
17/11/2023;CARD PAYMENT;**** ****** *** **** ***** ***** ** **********;-£2.19;+£229.00;
17/11/2023;CARD PAYMENT;************ **** ***** ***** ** **********;-£6.00;+£231.19;
17/11/2023;CARD PAYMENT;** ** ***** **** **** ***** ***** ** **********;-£3.00;+£237.19;
17/11/2023;CARD PAYMENT;****** *** **** ***** ***** ** **********;-£2.40;+£240.19;
17/11/2023;CARD PAYMENT;**** ******* ** ****** ***** ****** ** **********;-£71.65;+£242.59;
17/11/2023;CARD PAYMENT;***** ****** **** **** ***** ***** ** **********;-£1.50;+£314.24;
17/11/2023;CARD PAYMENT;***** ****** **** **** ***** ***** ** **********;-£6.00;+£315.74;
17/11/2023;CARD PAYMENT;**** ******* ** *********   ** **********;-£0.01;+£321.74;
16/11/2023;CARD PAYMENT;** ** ***** **** **** ***** ***** ** **********;-£3.00;+£321.75;
16/11/2023;PAYMENTS;**** ******* *** ****** ******* ** *** ******* ********* ***** * ******* ** **;-£100.00;+£324.75;
16/11/2023;CARD PAYMENT;***** ****** **** **** ***** ***** ** **********;-£3.95;+£424.75;
16/11/2023;CARD PAYMENT;********* ******* **** ***** ***** ** **********;-£2.58;+£428.70;
15/11/2023;CARD PAYMENT;** ** ***** **** **** ***** ***** ** **********;-£3.50;+£431.28;
15/11/2023;CARD PAYMENT;******** ***** **** **** ***** ***** ** **********;-£5.00;+£434.78;
14/11/2023;CARD PAYMENT;******** *** **** *** **** ***** ***** ** **********;-£2.00;+£439.78;
14/11/2023;CARD PAYMENT;**** ******* ** **************   ** **********;-£12.00;+£441.78;
14/11/2023;CARD PAYMENT;******** ***** **** **** ***** ***** ** **********;-£5.25;+£453.78;
14/11/2023;PAYMENTS;**** ******* *** ****** ******* ** **** * * ******* ********* ****** * ******* ** **;-£10.00;+£459.03;
14/11/2023;CARD PAYMENT;***** ****** **** **** ***** ***** ** **********;-£33.64;+£469.03;
14/11/2023;CARD PAYMENT;********** ** ****** * **** ***** ***** ** **********;-£1.15;+£502.67;
14/11/2023;PAYMENTS;******** ***** *** ****** ******* ** ******** ******* ********* ******* * ******* ** ****;-£3.00;+£503.82;
14/11/2023;PAYMENTS;**** ******* *** ****** ******* ** ** *** ***** ********* ***** *** *** * ******* ** **;-£3.00;+£506.82;
14/11/2023;CREDIT IN;**** **** ****** *** *** ******* ****** ******************;+£500.00;+£509.82;
13/11/2023;CARD PAYMENT;** ** ***** **** **** ***** ***** ** **********;-£6.60;+£9.82;
12/11/2023;CARD PAYMENT;** ** ***** **** **** ***** ***** ** **********;-£3.00;+£16.42;
12/11/2023;CARD PAYMENT;******** ***** **** **** ***** ***** ** **********;-£1.10;+£19.42;
12/11/2023;CARD PAYMENT;***** ****** **** **** ***** ***** ** **********;-£2.70;+£20.52;
12/11/2023;CARD PAYMENT;******* **** ***** ***** ** **********;-£2.00;+£23.22;
11/11/2023;CARD PAYMENT;********* **** ***** ***** ** **********;-£5.49;+£25.22;
11/11/2023;CARD PAYMENT;*** * ********* ****** **** ***** ***** ** **********;-£3.50;+£30.71;
11/11/2023;CARD PAYMENT;******* *** **** ***** ***** ** **********;-£1.00;+£34.21;
11/11/2023;CARD PAYMENT;***** ****** **** **** ***** ***** ** **********;-£13.50;+£35.21;
11/11/2023;CARD PAYMENT;****** **** **** **** ***** ***** ** **********;-£11.52;+£48.71;
11/11/2023;CARD PAYMENT;***** ****** **** **** ***** ***** ** **********;-£34.11;+£60.23;
11/11/2023;CARD PAYMENT;***** ****** **** **** ***** ***** ** **********;-£0.30;+£94.34;
11/11/2023;CARD PAYMENT;****** ****** **** ***** ***** ** **********;-£3.70;+£94.64;
10/11/2023;CARD PAYMENT;** ** ***** **** **** ***** ***** ** **********;-£7.60;+£98.34;
10/11/2023;CARD PAYMENT;******** ***** **** **** ***** ***** ** **********;-£0.95;+£105.94;
10/11/2023;CREDIT IN;**** **** ****** *** ***** ***********;+£46.90;+£106.89;
09/11/2023;CARD PAYMENT;**** ****** *** **** ***** ***** ** **********;-£5.16;+£59.99;
09/11/2023;CARD PAYMENT;************ **** ***** ***** ** **********;-£11.00;+£65.15;
09/11/2023;CARD PAYMENT;***** ****** **** **** ***** ***** ** **********;-£30.99;+£76.15;
08/11/2023;CARD PAYMENT;***** ****** **** **** ***** ***** ** **********;-£7.90;+£107.14;
08/11/2023;CARD PAYMENT;******** ***** **** **** ***** ***** ** **********;-£4.00;+£115.04;
08/11/2023;CARD PAYMENT;********** ** ****** * **** ***** ***** ** **********;-£3.99;+£119.04;
07/11/2023;CARD PAYMENT;******** ***** **** **** ***** ***** ** **********;-£1.65;+£123.03;
07/11/2023;CARD PAYMENT;***** ****** **** **** ***** ***** ** **********;-£3.40;+£124.68;
06/11/2023;FAST PAYMENT;****** ******** ******* ************ **** ****** *******;+£60.00;+£128.08;
06/11/2023;CARD PAYMENT;** ** ***** **** **** ***** ***** ** **********;-£3.50;+£68.08;
06/11/2023;CARD PAYMENT;**** ******* ** ******************   ** **********;-£6.49;+£71.58;
06/11/2023;CARD PAYMENT;***** ****** **** **** ***** ***** ** **********;-£36.03;+£78.07;
05/11/2023;CARD PAYMENT;**** ****** *** **** ***** ***** ** **********;-£2.83;+£114.10;
05/11/2023;CARD PAYMENT;**** **** **** ***** ***** ** **********;-£8.75;+£116.93;
05/11/2023;FAST PAYMENT;****** ******** ******* ******** ******** **** ******** *;+£18.00;+£125.68;
05/11/2023;PAYMENTS;**** ******* *** ****** ******* ** ** *** ***** ********* *** * ******* ** **;-£7.00;+£107.68;
04/11/2023;CARD PAYMENT;****** *** **** ***** ***** ** **********;-£1.20;+£114.68;
04/11/2023;CARD PAYMENT;** ** ***** **** **** ***** ***** ** **********;-£10.82;+£115.88;
04/11/2023;CARD PAYMENT;****** * ******** **** ***** ***** ** **********;-£8.95;+£126.70;
04/11/2023;CARD PAYMENT;******** ***** **** **** ***** ***** ** **********;-£1.65;+£135.65;
04/11/2023;CARD PAYMENT;******** ***** **** **** ***** ***** ** **********;-£4.00;+£137.30;
04/11/2023;CARD PAYMENT;******* **** ***** ***** ** **********;-£30.00;+£141.30;
03/11/2023;CARD PAYMENT;***** ****** **** **** ***** ***** ** **********;-£4.90;+£171.30;
03/11/2023;CARD PAYMENT;********* ****** *** **** ***** ***** ** **********;-£4.79;+£176.20;
03/11/2023;CREDIT IN;**** **** ****** *** ***** ***********;+£46.90;+£180.99;
02/11/2023;CARD PAYMENT;****** *** **** ***** ***** ** **********;-£2.40;+£134.09;
02/11/2023;CARD PAYMENT;**** ****** *** **** ***** ***** ** **********;-£1.74;+£136.49;
02/11/2023;CARD PAYMENT;***** ****** **** **** ***** ***** ** **********;-£34.43;+£138.23;
01/11/2023;CARD PAYMENT;********* **** ***** ***** ** **********;-£14.19;+£172.66;
01/11/2023;CARD PAYMENT;******* *** *** ****** **** ***** ***** ** **********;-£9.65;+£186.85;
01/11/2023;CARD PAYMENT;******** ***** **** **** ***** ***** ** **********;-£4.00;+£196.50;
01/11/2023;CARD PAYMENT;***** ****** **** **** ***** ***** ** **********;-£17.70;+£200.50;
01/11/2023;CARD PAYMENT;********** ** ****** * **** ***** ***** ** **********;-£3.99;+£218.20;
01/11/2023;CARD PAYMENT;********** ** ****** * **** ***** ***** ** **********;-£2.84;+£222.19;
31/10/2023;CARD PAYMENT;********** ****** **** ***** ***** ** **********;-£3.50;+£225.03;
31/10/2023;CARD PAYMENT;** ** ***** **** **** ***** ***** ** **********;-£2.90;+£228.53;
31/10/2023;CARD PAYMENT;******** ***** **** **** ***** ***** ** **********;-£4.00;+£231.43;
31/10/2023;CARD PAYMENT;**** *** ******** **** ***** ***** ** **********;-£3.39;+£235.43;
31/10/2023;FAST PAYMENT;****** ******** ******* ********* ****** ***** **** *** *****;+£9.65;+£238.82;
31/10/2023;PAYMENTS;**** ******* *** ****** ******* ** *** ******* ********* ***** * ******* ** **;-£400.00;+£229.17;
31/10/2023;CARD PAYMENT;**** ******* ** ************   ** **********;-£16.99;+£629.17;
31/10/2023;CREDIT IN;**** **** ****** *** ******** ******** **********;+£480.87;+£646.16;
31/10/2023;FAST PAYMENT;****** ******** ******* ************ **** ****** *******;+£130.00;+£165.29;
31/10/2023;PAYMENTS;**** ******* *** ****** ******* ** *** ******* ********* ***** * ******* ** **;-£130.00;+£35.29;
30/10/2023;FAST PAYMENT;****** ******** ******* ************ **** ****** *******;+£45.00;+£165.29;
30/10/2023;CARD PAYMENT;** ** ***** **** **** ***** ***** ** **********;-£4.00;+£120.29;
30/10/2023;DELIVERY OF DOCUMENTS FOR THIRD PERSON C;****** **** ** ** ****** *****;+£133.33;+£124.29;
30/10/2023;CARD PAYMENT;***** ****** **** **** ***** ***** ** **********;-£7.50;-£9.04;
30/10/2023;CARD PAYMENT;***** ****** **** **** ***** ***** ** **********;-£3.00;-£1.54;
29/10/2023;CARD PAYMENT;**** ****** *** **** ***** ***** ** **********;-£29.96;+£1.46;
29/10/2023;CARD PAYMENT;**** *** ******** **** ***** ***** ** **********;-£5.76;+£31.42;
28/10/2023;CARD PAYMENT;********* **** **** ***** ***** ** **********;-£14.95;+£37.18;
28/10/2023;CARD PAYMENT;**** ******* ** ****** ******* *** ***   ** **********;-£2.50;+£52.13;
28/10/2023;CARD PAYMENT;***** **** ***** ***** ** **********;-£14.50;+£54.63;
28/10/2023;CARD PAYMENT;**** ******* ** **********************   ** **********;-£6.40;+£69.13;
28/10/2023;FAST PAYMENT;****** ******** ******* ************ **** ****** *******;+£10.00;+£75.53;
27/10/2023;PAYMENTS;**** ******* *** ****** ******* ** **** ******** * ********* ****** * ******* ** **;-£9.00;+£65.53;
27/10/2023;CARD PAYMENT;******** ***** **** **** ***** ***** ** **********;-£4.00;+£74.53;
27/10/2023;CARD PAYMENT;***** ****** **** **** ***** ***** ** **********;-£13.10;+£78.53;
27/10/2023;CARD PAYMENT;**** ******* ** ****** ***************   ** **********;-£4.49;+£91.63;
27/10/2023;CREDIT IN;**** **** ****** *** ***** ***********;+£46.90;+£96.12;
26/10/2023;CARD PAYMENT;**** ******* ** ************   ** **********;-£28.73;+£49.22;
26/10/2023;CARD PAYMENT;** ** ***** **** **** ***** ***** ** **********;-£3.00;+£77.95;
26/10/2023;CARD PAYMENT;***** ****** **** **** ***** ***** ** **********;-£5.50;+£80.95;
25/10/2023;FAST PAYMENT;****** ******** ******* ************* ******* **** ******** *;+£28.00;+£86.45;
25/10/2023;CARD PAYMENT;******** ***** **** **** ***** ***** ** **********;-£8.00;+£58.45;
25/10/2023;CARD PAYMENT;****** *** **** ***** ***** ** **********;-£2.40;+£66.45;
25/10/2023;CARD PAYMENT;***** ****** **** **** ***** ***** ** **********;-£42.79;+£68.85;
25/10/2023;CARD PAYMENT;** *** **** ***** ***** ** **********;-£15.00;+£111.64;
25/10/2023;CARD PAYMENT;**** ******* ** ************   ** **********;-£39.88;+£126.64;
24/10/2023;FAST PAYMENT;****** ******** ******* ************ **** ****** *******;+£170.00;+£166.52;
24/10/2023;CARD PAYMENT;******** ***** **** **** ***** ***** ** **********;-£4.00;-£3.48;
24/10/2023;CARD PAYMENT;***** ****** **** **** ***** ***** ** **********;-£15.00;+£0.52;
24/10/2023;CARD PAYMENT;******* **** ***** ***** ** **********;-£6.90;+£15.52;
24/10/2023;CARD PAYMENT;********** ** ****** * **** ***** ***** ** **********;-£1.89;+£22.42;
23/10/2023;FAST PAYMENT;****** ******** ******* ************ **** ****** *******;+£120.00;+£24.31;
23/10/2023;CARD PAYMENT;**** ******* ** ********* **   ** **********;-£25.85;-£95.69;
23/10/2023;CARD PAYMENT;******** *** **** *** **** ***** ***** ** **********;-£1.70;-£69.84;
23/10/2023;CARD PAYMENT;********* **** ***** ***** ** **********;-£4.28;-£68.14;
23/10/2023;CARD PAYMENT;***** ****** **** **** ***** ***** ** **********;-£0.55;-£63.86;
23/10/2023;CARD PAYMENT;***** ****** **** **** ***** ***** ** **********;-£26.92;-£63.31;
22/10/2023;CARD PAYMENT;******** * **** ***** **** ***** ***** ** **********;-£171.50;-£36.39;
22/10/2023;CARD PAYMENT;********* **** ***** ***** ** **********;-£11.67;+£135.11;
22/10/2023;CARD PAYMENT;****** *** **** ***** ***** ** **********;-£1.20;+£146.78;
22/10/2023;FAST PAYMENT;****** ******** ******* ******** ******** **** ******** *;+£47.00;+£147.98;
22/10/2023;CARD PAYMENT;***** ****** **** **** ***** ***** ** **********;-£1.00;+£100.98;
22/10/2023;CARD PAYMENT;***** ****** **** **** ***** ***** ** **********;-£3.75;+£101.98;
22/10/2023;CARD PAYMENT;***** ****** **** **** ***** ***** ** **********;-£16.85;+£105.73;
22/10/2023;CARD PAYMENT;***** ****** **** **** ***** ***** ** **********;-£4.15;+£122.58;
22/10/2023;PAYMENTS;**** ******* *** ****** ******* ** ** **** ******* ********* ** ** *** * *** * ******* **;-£600.00;+£126.73;
22/10/2023;FAST PAYMENT;****** ******** ******* ******** *** ***** *** **** ******** *;+£707.00;+£726.73;
21/10/2023;CARD PAYMENT;********** **** ***** ***** ** **********;-£7.15;+£19.73;
21/10/2023;CARD PAYMENT;** ** ***** **** **** ***** ***** ** **********;-£3.50;+£26.88;
21/10/2023;CARD PAYMENT;** ** ***** **** **** ***** ***** ** **********;-£5.50;+£30.38;
21/10/2023;CARD PAYMENT;********** ** ****** * **** ***** ***** ** **********;-£3.99;+£35.88;
20/10/2023;CARD PAYMENT;***** ****** **** **** ***** ***** ** **********;-£3.75;+£39.87;
20/10/2023;CARD PAYMENT;***** ****** **** **** ***** ***** ** **********;-£21.53;+£43.62;
19/10/2023;CARD PAYMENT;** ** ***** **** **** ***** ***** ** **********;-£3.50;+£65.15;
19/10/2023;CARD PAYMENT;******** ******** **** ***** ***** ** **********;-£8.70;+£68.65;
19/10/2023;CARD PAYMENT;**** **** ***** ***** ** **********;-£3.20;+£77.35;
19/10/2023;CARD PAYMENT;**** **** ***** ***** ** **********;-£7.80;+£80.55;
19/10/2023;CARD PAYMENT;**** **** ***** ***** ** **********;-£9.20;+£88.35;
19/10/2023;CARD PAYMENT;***** ****** **** **** ***** ***** ** **********;-£1.75;+£97.55;
18/10/2023;CARD PAYMENT;********* **** ***** ***** ** **********;-£3.79;+£99.30;
18/10/2023;CREDIT IN;****** **** ****************** ** **********;+£200.44;+£103.09;
18/10/2023;CARD PAYMENT;********** ** ****** * **** ***** ***** ** **********;-£3.99;-£97.35;
17/10/2023;CARD PAYMENT;****** *** **** ***** ***** ** **********;-£1.20;-£93.36;
17/10/2023;CARD PAYMENT;***** ****** **** **** ***** ***** ** **********;-£35.03;-£92.16;
17/10/2023;CARD PAYMENT;********** ** ****** * **** ***** ***** ** **********;-£3.99;-£57.13;
16/10/2023;CASH WDL;CASH WITHDRAWAL AT Sainsburys Bank ATM Sainsburys Bank, HOVE,40.00 GBP , ON 16-10-2023;-£40.00;-£53.14;
16/10/2023;FAST PAYMENT;****** ******** ******* ******** **** ******** *;+£20.00;-£13.14;
16/10/2023;CARD PAYMENT;************ ***** *** **** ***** ***** ** **********;-£1.00;-£33.14;
16/10/2023;CARD PAYMENT;***** ****** **** **** ***** ***** ** **********;-£3.40;-£32.14;
16/10/2023;CARD PAYMENT;**** ******* ** ****** ***** ****** ** **********;-£71.65;-£28.74;
16/10/2023;CARD PAYMENT;******** * **** ***** **** ***** ***** ** **********;-£17.50;+£42.91;
16/10/2023;PAYMENTS;******** ***** *** ****** ******* ** ******** ******* ********* ******* * ******* ** ****;-£3.00;+£60.41;
16/10/2023;DD;DIRECT DEBIT PAYMENT TO OCTOPUS ENERGY REF A-B**E*BCD-***, MANDATE NO ****;-£107.63;+£63.41;
15/10/2023;CARD PAYMENT;**** ******* ** **************   ** **********;-£12.00;+£171.04;
15/10/2023;CARD PAYMENT;***** ****** **** **** ***** ***** ** **********;-£10.90;+£183.04;
15/10/2023;CARD PAYMENT;**** ******* ** ********* ***   ** **********;-£9.50;+£193.94;
14/10/2023;CARD PAYMENT;***** ***** ****** **** ***** ***** ** **********;-£3.50;+£203.44;
14/10/2023;CARD PAYMENT;**** ******* ** ************   ** **********;-£23.99;+£206.94;
14/10/2023;CARD PAYMENT;** **** **** **** ***** ***** ** **********;-£3.54;+£230.93;
13/10/2023;CARD PAYMENT;** ** ***** **** **** ***** ***** ** **********;-£1.00;+£234.47;
13/10/2023;CARD PAYMENT;********** ** ****** * **** ***** ***** ** **********;-£3.99;+£235.47;
13/10/2023;CREDIT IN;**** **** ****** *** ******* *********** ***********;+£77.19;+£239.46;
12/10/2023;PAYMENTS;**** ******* *** ****** ******* ** **** ******** * ********* **** * ******* ** **;-£2.00;+£162.27;
12/10/2023;CARD PAYMENT;******** ***** **** **** ***** ***** ** **********;-£1.55;+£164.27;
12/10/2023;CARD PAYMENT;********* ****** *** **** ***** ***** ** **********;-£5.99;+£165.82;
12/10/2023;CARD PAYMENT;***** ****** **** **** ***** ***** ** **********;-£1.70;+£171.81;
11/10/2023;CARD PAYMENT;*** ******* ******* **** ***** ***** ** **********;-£1.20;+£173.51;
11/10/2023;CARD PAYMENT;******** ***** **** **** ***** ***** ** **********;-£4.00;+£174.71;
11/10/2023;PAYMENTS;**** ******* *** ****** ******* ** **** ******** * ********* **** * ******* ** **;-£24.00;+£178.71;
10/10/2023;CARD PAYMENT;****** *** **** ***** ***** ** **********;-£13.05;+£202.71;
10/10/2023;CARD PAYMENT;******** ***** **** **** ***** ***** ** **********;-£4.00;+£215.76;
10/10/2023;PAYMENTS;**** ******* *** ****** ******* ** **** * * ******* ********* ****** * ******* ** **;-£4.00;+£219.76;
10/10/2023;PAYMENTS;**** ******* *** ****** ******* ** ** **** ******* ********* ** ** *** * *** * ******* **;-£600.00;+£223.76;
10/10/2023;FAST PAYMENT;****** ******** ******* ******** **** **** ******** *;+£600.00;+£823.76;
09/10/2023;CARD PAYMENT;****** *** **** ***** ***** ** **********;-£1.20;+£223.76;
09/10/2023;CARD PAYMENT;********** ****** **** ***** ***** ** **********;-£4.25;+£224.96;
09/10/2023;CARD PAYMENT;**** ******* ** **********************   ** **********;-£2.90;+£229.21;
09/10/2023;CARD PAYMENT;******** * **** ***** **** ***** ***** ** **********;-£17.50;+£232.11;
09/10/2023;CARD PAYMENT;***** ****** **** **** ***** ***** ** **********;-£3.40;+£249.61;
08/10/2023;PAYMENTS;**** ******* *** ****** ******* ** ** *** ***** ********* ******* * ******* ** **;-£28.00;+£253.01;
08/10/2023;CARD PAYMENT;***** ****** **** **** ***** ***** ** **********;-£13.65;+£281.01;
07/10/2023;CARD PAYMENT;**** ****** *** **** ***** ***** ** **********;-£52.07;+£294.66;
07/10/2023;CARD PAYMENT;* * *********** *** **** ***** ***** ** **********;-£10.37;+£346.73;
07/10/2023;CARD PAYMENT;* * *********** *** **** ***** ***** ** **********;-£7.61;+£357.10;
07/10/2023;CARD PAYMENT;***** ****** **** **** ***** ***** ** **********;-£3.55;+£364.71;
07/10/2023;CARD PAYMENT;**** ******* ** ************   ** **********;-£46.76;+£368.26;
06/10/2023;PAYMENTS;**** ******* *** ****** ******* ** **** ****** **** ********* **** ******* * ******* ** **;-£407.00;+£415.02;
06/10/2023;TRANSFER OUT;**** ******* ** ******* ******** ********* **** *******;-£407.00;+£822.02;
06/10/2023;CARD PAYMENT;************* * **** * **** ***** ***** ** **********;-£23.13;+£1229.02;
06/10/2023;CARD PAYMENT;***** ******* ******* **** ***** ***** ** **********;-£13.90;+£1252.15;
06/10/2023;FAST PAYMENT;****** ******** ******* ******** ******** **** ******** *;+£26.00;+£1266.05;
06/10/2023;CARD PAYMENT;***** ****** **** **** ***** ***** ** **********;-£3.40;+£1240.05;
06/10/2023;CARD PAYMENT;**** ******* ** ******** ***** *******   ** **********;-£4.22;+£1243.45;
06/10/2023;CARD PAYMENT;********** ** ****** * **** ***** ***** ** **********;-£3.99;+£1247.67;
05/10/2023;PAYMENTS;**** ******* *** ****** ******* ** ** *** ***** ********* *** **** * ******* ** **;-£15.00;+£1251.66;
05/10/2023;CARD PAYMENT;** ** ***** **** **** ***** ***** ** **********;-£3.50;+£1266.66;
05/10/2023;PAYMENTS;**** ******* *** ****** ******* ** ** **** ******* ********* ** ** *** * * ** * * *******;-£2400.00;+£1270.16;
05/10/2023;CARD PAYMENT;********* **** ***** ***** ** **********;-£7.75;+£3670.16;
05/10/2023;CARD PAYMENT;***** ****** **** **** ***** ***** ** **********;-£1.75;+£3677.91;
04/10/2023;CARD PAYMENT;* * *********** *** **** ***** ***** ** **********;-£14.35;+£3679.66;
04/10/2023;CARD PAYMENT;* * *********** *** **** ***** ***** ** **********;-£5.28;+£3694.01;
03/10/2023;CARD PAYMENT;***** ****** **** **** ***** ***** ** **********;-£1.95;+£3699.29;
03/10/2023;CARD PAYMENT;***** ****** **** **** ***** ***** ** **********;-£2.30;+£3701.24;
03/10/2023;CARD PAYMENT;****** ****** **** ***** ***** ** **********;-£4.50;+£3703.54;
03/10/2023;CARD PAYMENT;******* **** ***** ***** ** **********;-£20.50;+£3708.04;
02/10/2023;PAYMENTS;**** ******* *** ****** ******* ** *** ******* ********* **** ******* * ******* ** **;-£513.84;+£3728.54;
02/10/2023;CARD PAYMENT;********* **** ***** ***** ** **********;-£14.55;+£4242.38;
02/10/2023;PAYMENTS;**** ******* *** ****** ******* ** ** ****** ****** ********* **** ******* * ******* ** **;-£513.84;+£4256.93;
02/10/2023;PAYMENTS;**** ******* *** ****** ******* ** *** ******* ********* ******** * ******* ** **;-£713.88;+£4770.77;
02/10/2023;PAYMENTS;**** ******* *** ****** ******* ** **** * * ******* ********* **** ******* * ******* ** **;-£513.84;+£5484.65;
02/10/2023;PAYMENTS;**** ******* *** ****** ******* ** ****** ******* ********* **** ******* * ******* ** **;-£513.84;+£5998.49;
02/10/2023;PAYMENTS;**** ******* *** ****** ******* ** ****** ********* ********* * ****** **** * ******* ** *;-£6750.00;+£6512.33;
02/10/2023;CARD PAYMENT;****** **** ***** **** ***** ***** ** **********;-£5.98;+£13262.33;
02/10/2023;CARD PAYMENT;**** ****** *** **** **** ***** ***** ** **********;-£22.00;+£13268.31;
02/10/2023;CARD PAYMENT;******** * **** ***** **** ***** ***** ** **********;-£17.50;+£13290.31;
02/10/2023;CREDIT IN;**** **** ****** *** ** ****** ******** *************** **;+£6750.00;+£13307.81;
02/10/2023;CREDIT IN;**** **** ****** *** *** ************** ***********;+£3113.88;+£6557.81;
01/10/2023;FAST PAYMENT;****** ******** ******* ****** ** *** **** **** ****** ******;+£2869.00;+£3443.93;
01/10/2023;PAYMENTS;**** ******* *** ****** ******* ** **** * * ******* ********* ******** * ******* ** **;-£32.00;+£574.93;
01/10/2023;CARD PAYMENT;***** ****** **** **** ***** ***** ** **********;-£17.25;+£606.93;
01/10/2023;CARD PAYMENT;***** ****** **** **** ***** ***** ** **********;-£3.40;+£624.18;
30/09/2023;CARD PAYMENT;******** * **** ***** **** ***** ***** ** **********;-£3.85;+£627.58;
30/09/2023;CARD PAYMENT;**** ********* **** **** ***** ***** ** **********;-£3.99;+£631.43;
30/09/2023;CARD PAYMENT;***** ****** **** **** ***** ***** ** **********;-£12.00;+£635.42;
29/09/2023;CARD PAYMENT;***** * *** *** **** ***** ***** ** **********;-£4.79;+£647.42;
29/09/2023;CARD PAYMENT;***** * *** *** **** ***** ***** ** **********;-£12.78;+£652.21;
29/09/2023;CARD PAYMENT;***** * *** **** ***** ***** ** **********;-£10.00;+£664.99;
29/09/2023;CARD PAYMENT;***** ******* *** **** ***** ***** ** **********;-£12.50;+£674.99;
29/09/2023;CREDIT IN;**** **** ****** *** ******** ******** **********;+£540.38;+£687.49;
29/09/2023;CREDIT IN;**** **** ****** *** ******* *********** ***********;+£269.05;+£147.11;
28/09/2023;CARD PAYMENT;***** ******** *** **** ***** ***** ** **********;-£1.35;-£121.94;
28/09/2023;CARD PAYMENT;** ********* ******* **** ***** ***** ** **********;-£7.97;-£120.59;
27/09/2023;CARD PAYMENT;***** * *** *** **** ***** ***** ** **********;-£0.80;-£112.62;
27/09/2023;CARD PAYMENT;********** **** ***** ***** ** **********;-£1.00;-£111.82;
27/09/2023;CARD PAYMENT;**** ******* ** ****** ***************   ** **********;-£4.49;-£110.82;
26/09/2023;CARD PAYMENT;***** * *** *** **** ***** ***** ** **********;-£17.24;-£106.33;
26/09/2023;CARD PAYMENT;******* ********** *** **** ***** ***** ** **********;-£1.95;-£89.09;
26/09/2023;CARD PAYMENT;**** ******* ** ****** **********   ** **********;-£29.99;-£87.14;
25/09/2023;CREDIT IN;**** ******* **** ** **** ******* ******** ********* ******** ****;+£300.00;-£57.15;
25/09/2023;CARD PAYMENT;********** **** ***** ***** ** **********;-£0.93;-£357.15;
25/09/2023;CARD PAYMENT;****** **** **** ***** ***** ** **********;-£5.00;-£356.22;
25/09/2023;CARD PAYMENT;***** ****** **** **** ***** ***** ** **********;-£7.10;-£351.22;
25/09/2023;CARD PAYMENT;***** ****** **** ***** ***** ** **********;-£2.45;-£344.12;
25/09/2023;DD;DIRECT DEBIT PAYMENT TO OCTOPUS ENERGY REF A-B**E*BCD-***, MANDATE NO ****;-£107.63;-£341.67;
24/09/2023;CARD PAYMENT;********* **** ***** ***** ** **********;-£5.79;-£234.04;
24/09/2023;CARD PAYMENT;***** ***** ****** **** ***** ***** ** **********;-£4.75;-£228.25;
24/09/2023;CARD PAYMENT;***** **** * ****** ** **** ***** ***** ** **********;-£2.99;-£223.50;
23/09/2023;CARD PAYMENT;***** ****** **** **** ***** ***** ** **********;-£6.80;-£220.51;
22/09/2023;CARD PAYMENT;******** * **** ***** **** ***** ***** ** **********;-£3.85;-£213.71;
22/09/2023;CARD PAYMENT;***** ***** ****** **** ***** ***** ** **********;-£3.50;-£209.86;
22/09/2023;CARD PAYMENT;********* ****** *** **** ***** ***** ** **********;-£4.33;-£206.36;
22/09/2023;CARD PAYMENT;*** * *** **** ***** ***** ** **********;-£2.29;-£202.03;
22/09/2023;CARD PAYMENT;************ *** **** ***** ***** ** **********;-£1.50;-£199.74;
22/09/2023;CARD PAYMENT;******* **** ***** ***** ** **********;-£26.00;-£198.24;
21/09/2023;CARD PAYMENT;**** ******* ** ************   ** **********;-£36.99;-£172.24;
21/09/2023;CARD PAYMENT;***** ****** **** **** ***** ***** ** **********;-£1.85;-£135.25;
21/09/2023;CARD PAYMENT;******** * **** ***** **** ***** ***** ** **********;-£3.85;-£133.40;
20/09/2023;PAYMENTS;**** ******* *** ****** ******* ** **** * * ******* ********* ******** * ******* ** **;-£27.00;-£129.55;
20/09/2023;CARD PAYMENT;********* **** ***** ***** ** **********;-£4.70;-£102.55;
20/09/2023;CARD PAYMENT;***** ****** **** **** ***** ***** ** **********;-£10.90;-£97.85;
19/09/2023;FAST PAYMENT;****** ******** ******* ******** ******* **** * *******;+£100.00;-£86.95;
19/09/2023;CARD PAYMENT;******** * **** ***** **** ***** ***** ** **********;-£3.85;-£186.95;
19/09/2023;CARD PAYMENT;********* **** ***** ***** ** **********;-£14.20;-£183.10;
19/09/2023;CARD PAYMENT;**** ********** **** ***** ***** ** **********;-£9.79;-£168.90;
19/09/2023;CARD PAYMENT;**** ********** **** ***** ***** ** **********;-£5.50;-£159.11;
19/09/2023;CARD PAYMENT;**** ******* ** **********************   ** **********;-£6.40;-£153.61;
19/09/2023;CARD PAYMENT;**** ******* ** ****** ***** ****** ** **********;-£69.75;-£147.21;
18/09/2023;CARD PAYMENT;****** **** **** ***** ***** ** **********;-£5.00;-£77.46;
18/09/2023;CARD PAYMENT;********** **** ***** ***** ** **********;-£0.71;-£72.46;
18/09/2023;CARD PAYMENT;**** ******* ** **********************   ** **********;-£5.60;-£71.75;
18/09/2023;CARD PAYMENT;**** ******* ** ****** ***** ****** ** **********;-£71.65;-£66.15;
17/09/2023;CARD PAYMENT;****** *** **** ***** ***** ** **********;-£4.50;+£5.50;
17/09/2023;CARD PAYMENT;********** ****** **** ***** ***** ** **********;-£15.40;+£10.00;
17/09/2023;CARD PAYMENT;*** ******* **** **** ***** ***** ** **********;-£27.72;+£25.40;
16/09/2023;CARD PAYMENT;**** ****** **** ***** ***** ** **********;-£15.78;+£53.12;
16/09/2023;CARD PAYMENT;********** **** ***** ***** ** **********;-£0.79;+£68.90;
16/09/2023;CARD PAYMENT;***** ****** **** ***** ***** ** **********;-£3.40;+£69.69;
15/09/2023;FAST PAYMENT;****** ******** ******* ************ **** ******** *;+£36.00;+£73.09;
15/09/2023;CARD PAYMENT;**** ******* ** **************   ** **********;-£12.00;+£37.09;
15/09/2023;CREDIT IN;**** **** ****** *** ******* *********** ***********;+£86.55;+£49.09;
14/09/2023;PAYMENTS;**** ******* *** ****** ******* ** **** * * ******* ********* ******** * ******* ** **;-£17.00;-£37.46;
14/09/2023;PAYMENTS;***** ***** ******* **** *** ****** ******* ** **** ******** *** ********* ******** ******;-£9346.16;-£20.46;
14/09/2023;FAST PAYMENT;****** ******** ******* ******** ********* **** * *******;+£8100.00;+£9325.70;
14/09/2023;FAST PAYMENT;****** ******** ******* ******** ******* **** ******** *;+£623.08;+£1225.70;
14/09/2023;FAST PAYMENT;****** ******** ******* ************ **** ****** *******;+£650.00;+£602.62;
14/09/2023;CARD PAYMENT;********** ****** **** ***** ***** ** **********;-£12.57;-£47.38;
14/09/2023;CARD PAYMENT;****** ******* **** ***** ***** ** **********;-£3.90;-£34.81;
14/09/2023;PAYMENTS;******** ***** *** ****** ******* ** ******** ******* ********* ******* * ******* ** ****;-£3.00;-£30.91;
13/09/2023;CARD PAYMENT;**** ******* ** **********************   ** **********;-£5.60;-£27.91;
12/09/2023;CARD PAYMENT;****** **** **** ***** ***** ** **********;-£2.50;-£22.31;
12/09/2023;CARD PAYMENT;********** ****** **** ***** ***** ** **********;-£30.03;-£19.81;
12/09/2023;CARD PAYMENT;************** ******* **** ***** ***** ** **********;-£18.00;+£10.22;
12/09/2023;CARD PAYMENT;************** ******* **** ***** ***** ** **********;-£8.00;+£28.22;
12/09/2023;CARD PAYMENT;************** ******* **** ***** ***** ** **********;-£18.00;+£36.22;
12/09/2023;CARD PAYMENT;************** ******* **** ***** ***** ** **********;-£12.00;+£54.22;
12/09/2023;CARD PAYMENT;************** ******* **** ***** ***** ** **********;-£7.00;+£66.22;
12/09/2023;CARD PAYMENT;***** ****** **** ***** ***** ** **********;-£3.40;+£73.22;
12/09/2023;CARD PAYMENT;***** ****** **** **** ***** ***** ** **********;-£12.84;+£76.62;
11/09/2023;CARD PAYMENT;********** **** ***** ***** ** **********;-£0.95;+£89.46;
11/09/2023;CARD PAYMENT;****** **** **** ***** ***** ** **********;-£9.34;+£90.41;
11/09/2023;CARD PAYMENT;***** ****** **** **** ***** ***** ** **********;-£3.40;+£99.75;
10/09/2023;CARD PAYMENT;***** ***** ****** **** ***** ***** ** **********;-£3.85;+£103.15;
10/09/2023;CARD PAYMENT;**** ******* ** ******************   ** **********;-£7.99;+£107.00;
09/09/2023;CARD PAYMENT;**** ****** **** ***** ***** ** **********;-£7.67;+£114.99;
09/09/2023;CARD PAYMENT;** ** ***** **** **** ***** ***** ** **********;-£0.67;+£122.66;
09/09/2023;CARD PAYMENT;** ** ***** **** **** ***** ***** ** **********;-£3.50;+£123.33;
09/09/2023;CARD PAYMENT;*** ****** ***** **** ***** ***** ** **********;-£15.01;+£126.83;
09/09/2023;PAYMENTS;**** ******* *** ****** ******* ** *** ***** * **** ********* *** * *** * ******* ** **;-£20.00;+£141.84;
09/09/2023;CARD PAYMENT;**** ******* **** ***** ***** ** **********;-£3.87;+£161.84;
09/09/2023;CARD PAYMENT;***** ****** **** **** ***** ***** ** **********;-£8.05;+£165.71;
09/09/2023;CARD PAYMENT;************* *** **** ***** ***** ** **********;-£12.00;+£173.76;
07/09/2023;CARD PAYMENT;**** ****** **** ***** ***** ** **********;-£21.02;+£185.76;
07/09/2023;CARD PAYMENT;********** ****** **** ***** ***** ** **********;-£3.50;+£206.78;
07/09/2023;FAST PAYMENT;****** ******** ******* ******** **** * *******;+£50.00;+£210.28;
06/09/2023;CARD PAYMENT;********* **** ***** ***** ** **********;-£16.25;+£160.28;
05/09/2023;FAST PAYMENT;****** ******** ******* ******* **** **** *** *****;+£65.69;+£176.53;
05/09/2023;CARD PAYMENT;*** **** ***** **** ***** ***** ** **********;-£16.85;+£110.84;
05/09/2023;CARD PAYMENT;****** *** **** ***** ***** ** **********;-£2.80;+£127.69;
05/09/2023;CARD PAYMENT;********** ****** **** ***** ***** ** **********;-£0.65;+£130.49;
05/09/2023;PAYMENTS;**** ******* *** ****** ******* ** ** ****** ****** ********* *** * ******** * ******* **;-£114.00;+£131.14;
05/09/2023;FAST PAYMENT;****** ******** ******* ************ **** ****** *******;+£400.00;+£245.14;
05/09/2023;CARD PAYMENT;***** *** **** **** ***** ***** ** **********;-£10.01;-£154.86;
05/09/2023;CARD PAYMENT;****** ************* * **** ***** ***** ** **********;-£1.99;-£144.85;
05/09/2023;CARD PAYMENT;****** ************* * **** ***** ***** ** **********;-£3.70;-£142.86;
04/09/2023;PAYMENTS;**** ******* *** ****** ******* ** **** ******** * ********* **** * ******* ** **;-£7.00;-£139.16;
04/09/2023;CARD PAYMENT;*** **** ***** **** **** ***** ***** ** **********;-£2.20;-£132.16;
03/09/2023;CARD PAYMENT;**** ******* ** ******** *** **** ***   ** **********;-£2.00;-£129.96;
03/09/2023;CARD PAYMENT;***** ****** **** **** ***** ***** ** **********;-£15.15;-£127.96;
03/09/2023;CARD PAYMENT;**** ******* ** **** **** ********   ** **********;-£311.53;-£112.81;
02/09/2023;CARD PAYMENT;********** ****** **** ***** ***** ** **********;-£2.50;+£198.72;
02/09/2023;CARD PAYMENT;** ** ***** **** **** ***** ***** ** **********;-£3.50;+£201.22;
02/09/2023;FAST PAYMENT;****** ******** ******* *********** **** ******** *;+£156.00;+£204.72;
02/09/2023;CARD PAYMENT;********* **** ***** ***** ** **********;-£25.64;+£48.72;
02/09/2023;CARD PAYMENT;**** ******* ** ******************   ** **********;-£11.99;+£74.36;
02/09/2023;CARD PAYMENT;******** * **** ***** **** ***** ***** ** **********;-£3.85;+£86.35;
01/09/2023;PAYMENTS;**** ******* *** ****** ******* ** ** *** ***** ********* ****** * ******* ** **;-£10.00;+£90.20;
01/09/2023;CARD PAYMENT;********** ****** **** ***** ***** ** **********;-£2.50;+£100.20;
01/09/2023;CARD PAYMENT;** ********** *** **** **** ***** ***** ** **********;-£20.00;+£102.70;
01/09/2023;PAYMENTS;**** ******* *** ****** ******* ** *** ******* ********* ******** * ******* ** **;-£522.00;+£122.70;
01/09/2023;CARD PAYMENT;****** ****** **** ***** ***** ** **********;-£3.20;+£644.70;
01/09/2023;CARD PAYMENT;****** ****** **** ***** ***** ** **********;-£7.60;+£647.90;
01/09/2023;DD;DIRECT DEBIT PAYMENT TO UNIHOMES REF *XVQBDR, MANDATE NO ****;-£16.46;+£655.50;
01/09/2023;CREDIT IN;**** **** ****** *** ******* *********** ***********;+£561.66;+£671.96;
31/08/2023;CARD PAYMENT;******** * **** ***** **** ***** ***** ** **********;-£3.85;+£110.30;
31/08/2023;CARD PAYMENT;**** ******* ** **********************   ** **********;-£2.90;+£114.15;
31/08/2023;CARD PAYMENT;**** ******* ** **********************   ** **********;-£7.70;+£117.05;
31/08/2023;PAYMENTS;**** ******* *** ****** ******* ** *** ******* ********* ******** * ******* ** **;-£450.00;+£124.75;
31/08/2023;CARD PAYMENT;****** ************* * **** ***** ***** ** **********;-£6.09;+£574.75;
31/08/2023;CREDIT IN;**** **** ****** *** ******** ******** **********;+£468.54;+£580.84;
30/08/2023;CARD PAYMENT;****** **** **** ***** ***** ** **********;-£9.58;+£112.30;
30/08/2023;CARD PAYMENT;********** **** ***** ***** ** **********;-£0.71;+£121.88;
30/08/2023;CARD PAYMENT;********** ****** **** ***** ***** ** **********;-£33.50;+£122.59;
30/08/2023;CARD PAYMENT;***** *** **** **** ***** ***** ** **********;-£4.00;+£156.09;
30/08/2023;CARD PAYMENT;***** ****** **** ***** ***** ** **********;-£3.40;+£160.09;
29/08/2023;CARD PAYMENT;**** ****** **** ***** ***** ** **********;-£17.64;+£163.49;
29/08/2023;CARD PAYMENT;********* **** **** ***** ***** ** **********;-£13.26;+£181.13;
29/08/2023;CARD PAYMENT;********* **** ***** ***** ** **********;-£2.50;+£194.39;
29/08/2023;CREDIT IN;****** **** ************ ********* ** **********;+£7.99;+£196.89;
28/08/2023;FAST PAYMENT;****** ******** ******* ************ **** ****** *******;+£130.00;+£188.90;
28/08/2023;CARD PAYMENT;***** ********** **** ***** ***** ** **********;-£1.80;+£58.90;
28/08/2023;CARD PAYMENT;***************** **** ***** ***** ** **********;-£14.65;+£60.70;
28/08/2023;CARD PAYMENT;*** ******** **** **** ***** ***** ** **********;-£14.50;+£75.35;
28/08/2023;CARD PAYMENT;** *********** ******* **** ***** ***** ** **********;-£8.00;+£89.85;
27/08/2023;CARD PAYMENT;***** ****** **** ***** ***** ** **********;-£9.00;+£97.85;
27/08/2023;CARD PAYMENT;*** ******** **** **** ***** ***** ** **********;-£4.50;+£106.85;
27/08/2023;CARD PAYMENT;**** ******* ** ****** ***************   ** **********;-£4.49;+£111.35;
27/08/2023;CARD PAYMENT;** *********** ******* **** ***** ***** ** **********;-£14.00;+£115.84;
26/08/2023;CARD PAYMENT;**** ******* ** ************ *********   ** **********;-£7.99;+£129.84;
26/08/2023;CARD PAYMENT;** *********** ******* **** ***** ***** ** **********;-£9.00;+£137.83;
26/08/2023;CARD PAYMENT;** *********** ******* **** ***** ***** ** **********;-£11.00;+£146.83;
26/08/2023;CARD PAYMENT;** *********** ******* **** ***** ***** ** **********;-£3.00;+£157.83;
25/08/2023;CARD PAYMENT;** *********** ******* **** ***** ***** ** **********;-£35.00;+£160.83;
25/08/2023;CREDIT IN;****** **** ** *********** ******* ** **********;+£5.00;+£195.83;
25/08/2023;CARD PAYMENT;****** *** **** ***** ***** ** **********;-£1.40;+£190.83;
25/08/2023;CARD PAYMENT;*********** ***** **** ***** ***** ** **********;-£37.20;+£192.23;
25/08/2023;CARD PAYMENT;********* **** ***** ***** ** **********;-£5.15;+£229.43;
25/08/2023;CARD PAYMENT;***************** **** ***** ***** ** **********;-£4.15;+£234.58;
25/08/2023;CARD PAYMENT;******** *** **** ***** ***** ** **********;-£5.20;+£238.73;
24/08/2023;CARD PAYMENT;* * * **** ***** ***** ** **********;-£43.37;+£243.93;
24/08/2023;TRANSFER OUT;**** ******* ** ****** ****** ********* **** ******;-£20.00;+£287.30;
24/08/2023;CARD PAYMENT;***** * ********** **** ***** ***** ** **********;-£19.07;+£307.30;
24/08/2023;CARD PAYMENT;***************** **** ***** ***** ** **********;-£5.25;+£326.37;
23/08/2023;CARD PAYMENT;*** ******* **** **** ***** ***** ** **********;-£35.02;+£331.62;
23/08/2023;CARD PAYMENT;********* *** **** ***** ***** ** **********;-£8.17;+£366.64;
23/08/2023;CARD PAYMENT;**** ****** **** **** ***** ***** ** **********;-£5.70;+£374.81;
22/08/2023;CARD PAYMENT;********** **** ***** ***** ** **********;-£1.72;+£380.51;
22/08/2023;CARD PAYMENT;********** ****** **** ***** ***** ** **********;-£5.30;+£382.23;
21/08/2023;CARD PAYMENT;********** **** ***** ***** ** **********;-£0.92;+£387.53;
21/08/2023;CARD PAYMENT;***** ****** **** ***** ***** ** **********;-£2.85;+£388.45;
21/08/2023;CARD PAYMENT;***** ****** **** ***** ***** ** **********;-£3.65;+£391.30;
20/08/2023;CARD PAYMENT;********** **** ***** ***** ** **********;-£1.48;+£394.95;
19/08/2023;CARD PAYMENT;**** ****** **** ***** ***** ** **********;-£26.25;+£396.43;
19/08/2023;CARD PAYMENT;***************** **** ***** ***** ** **********;-£3.40;+£422.68;
19/08/2023;CARD PAYMENT;**** ******* ** ****** ***** ****** ** **********;-£69.75;+£426.08;
18/08/2023;CARD PAYMENT;******** **** **** ***** ***** ** **********;-£9.98;+£495.83;
18/08/2023;CARD PAYMENT;******** * **** ***** **** ***** ***** ** **********;-£3.85;+£505.81;
18/08/2023;CREDIT IN;**** **** ****** *** ******* *********** ***********;+£497.04;+£509.66;
17/08/2023;CARD PAYMENT;**** ****** *** **** ***** ***** ** **********;-£60.29;+£12.62;
17/08/2023;CARD PAYMENT;******** * **** ***** **** ***** ***** ** **********;-£3.85;+£72.91;
16/08/2023;CARD PAYMENT;****** **** **** ***** ***** ** **********;-£2.50;+£76.76;
16/08/2023;CARD PAYMENT;**** ******* ** **************   ** **********;-£12.00;+£79.26;
16/08/2023;FAST PAYMENT;****** ******** ******* ************ **** ******** *;+£30.00;+£91.26;
16/08/2023;CARD PAYMENT;***** ****** **** ***** ***** ** **********;-£4.40;+£61.26;
16/08/2023;CARD PAYMENT;***** *** **** **** ***** ***** ** **********;-£30.00;+£65.66;
15/08/2023;CARD PAYMENT;****** **** **** ***** ***** ** **********;-£2.50;+£95.66;
15/08/2023;CARD PAYMENT;***************** **** ***** ***** ** **********;-£6.50;+£98.16;
15/08/2023;CARD PAYMENT;***** ****** **** ***** ***** ** **********;-£5.73;+£104.66;
14/08/2023;CARD PAYMENT;********** **** ***** ***** ** **********;-£2.32;+£110.39;
14/08/2023;CARD PAYMENT;***** ****** **** ***** ***** ** **********;-£3.40;+£112.71;
14/08/2023;PAYMENTS;******** ***** *** ****** ******* ** ******** ******* ********* ******* * ******* ** ****;-£3.00;+£116.11;
13/08/2023;CARD PAYMENT;****** **** **** ***** ***** ** **********;-£2.50;+£119.11;
13/08/2023;CARD PAYMENT;***************** **** ***** ***** ** **********;-£3.40;+£121.61;
13/08/2023;CARD PAYMENT;***** ****** **** ***** ***** ** **********;-£3.40;+£125.01;
13/08/2023;CARD PAYMENT;**** ****** *** **** ***** ***** ** **********;-£10.80;+£128.41;
13/08/2023;CARD PAYMENT;************** ******* **** ***** ***** ** **********;-£10.00;+£139.21;
12/08/2023;CARD PAYMENT;***** *** **** ***** ***** ** **********;-£3.20;+£149.21;
12/08/2023;CARD PAYMENT;***** *** **** ***** ***** ** **********;-£8.00;+£152.41;
12/08/2023;CARD PAYMENT;**** *** ******** **** ***** ***** ** **********;-£9.49;+£160.41;
12/08/2023;CARD PAYMENT;********************* **** ***** ***** ** **********;-£18.00;+£169.90;
12/08/2023;CARD PAYMENT;**** ******* ** **********************   ** **********;-£1.50;+£187.90;
12/08/2023;CARD PAYMENT;****** **** ***** ***** ** **********;-£8.15;+£189.40;
12/08/2023;CARD PAYMENT;************** **** ***** ***** ** **********;-£10.66;+£197.55;
12/08/2023;CARD PAYMENT;****** ************* * **** ***** ***** ** **********;-£1.29;+£208.21;
12/08/2023;CARD PAYMENT;******** * **** ***** **** ***** ***** ** **********;-£3.85;+£209.50;
11/08/2023;CARD PAYMENT;****** ******* **** ***** ***** ** **********;-£1.20;+£213.35;
11/08/2023;CARD PAYMENT;**** ******* ** **********************   ** **********;-£5.60;+£214.55;
11/08/2023;CARD PAYMENT;**** ******* ** **********************   ** **********;-£1.50;+£220.15;
11/08/2023;CARD PAYMENT;**** **** **** ***** ***** ** **********;-£5.90;+£221.65;
10/08/2023;CARD PAYMENT;*** ***** **** ***** ***** ** **********;-£27.30;+£227.55;
10/08/2023;CARD PAYMENT;**** ********** **** ***** ***** ** **********;-£47.88;+£254.85;
10/08/2023;CARD PAYMENT;****** ******* **** ***** ***** ** **********;-£2.20;+£302.73;
10/08/2023;CARD PAYMENT;****** ************* * **** ***** ***** ** **********;-£3.00;+£304.93;
10/08/2023;CARD PAYMENT;***** ******* ****** **** ***** ***** ** **********;-£7.20;+£307.93;
09/08/2023;FAST PAYMENT;****** ******** ******* ******** **** ******** *;+£30.00;+£315.13;
09/08/2023;CARD PAYMENT;****** **** **** ***** ***** ** **********;-£2.50;+£285.13;
09/08/2023;CARD PAYMENT;********** ****** **** ***** ***** ** **********;-£12.56;+£287.63;
09/08/2023;CARD PAYMENT;***** ****** **** ***** ***** ** **********;-£6.80;+£300.19;
08/08/2023;CARD PAYMENT;********** **** ***** ***** ** **********;-£1.40;+£306.99;
08/08/2023;CARD PAYMENT;*** ****** **** ***** ***** ** **********;-£13.20;+£308.39;
08/08/2023;CARD PAYMENT;***** ****** **** ***** ***** ** **********;-£4.78;+£321.59;
07/08/2023;CARD PAYMENT;********** **** ***** ***** ** **********;-£0.61;+£326.37;
07/08/2023;CARD PAYMENT;***** ****** **** ***** ***** ** **********;-£6.45;+£326.98;
07/08/2023;CARD PAYMENT;***** ****** **** ***** ***** ** **********;-£1.00;+£333.43;
06/08/2023;CARD PAYMENT;********** ****** **** ***** ***** ** **********;-£1.25;+£334.43;
06/08/2023;CARD PAYMENT;***** ****** **** ***** ***** ** **********;-£6.80;+£335.68;
05/08/2023;CARD PAYMENT;********* **** **** ***** ***** ** **********;-£5.79;+£342.48;
05/08/2023;CARD PAYMENT;**** ********** **** ***** ***** ** **********;-£1.90;+£348.27;
05/08/2023;CARD PAYMENT;**** ******* ** **********************   ** **********;-£7.70;+£350.17;
05/08/2023;CARD PAYMENT;**** ***** **** ***** ***** ** **********;-£8.25;+£357.87;
05/08/2023;CARD PAYMENT;******** *** **** ***** ***** ** **********;-£5.30;+£366.12;
05/08/2023;CARD PAYMENT;**** ****** **** **** ***** ***** ** **********;-£23.14;+£371.42;
04/08/2023;CARD PAYMENT;***** **** ********** **** ***** ***** ** **********;-£4.05;+£394.56;
04/08/2023;CARD PAYMENT;***************** **** ***** ***** ** **********;-£7.50;+£398.61;
04/08/2023;CARD PAYMENT;**** ******* ** ****** ************   ** **********;-£4.99;+£406.11;
04/08/2023;CARD PAYMENT;****** * ********** **** ***** ***** ** **********;-£7.85;+£411.10;
04/08/2023;CREDIT IN;**** **** ****** *** ******* *********** ***********;+£491.24;+£418.95;
03/08/2023;CARD PAYMENT;********* **** **** ***** ***** ** **********;-£11.86;-£72.29;
03/08/2023;CARD PAYMENT;********** **** ***** ***** ** **********;-£0.75;-£60.43;
03/08/2023;CARD PAYMENT;***** ***** **** **** ***** ***** ** **********;-£3.50;-£59.68;
02/08/2023;CARD PAYMENT;***** ****** **** ***** ***** ** **********;-£3.40;-£56.18;
02/08/2023;CARD PAYMENT;***************** **** ***** ***** ** **********;-£5.65;-£52.78;
01/08/2023;CARD PAYMENT;********** ****** **** ***** ***** ** **********;-£50.01;-£47.13;
01/08/2023;CARD PAYMENT;********** ****** **** ***** ***** ** **********;-£3.00;+£2.88;
01/08/2023;CARD PAYMENT;********** **** ***** ***** ** **********;-£1.55;+£5.88;
01/08/2023;CARD PAYMENT;**** ******* ** ************   ** **********;-£14.89;+£7.43;
01/08/2023;CARD PAYMENT;***************** **** ***** ***** ** **********;-£6.80;+£22.32;
01/08/2023;DD;DIRECT DEBIT PAYMENT TO UNIHOMES REF *XVQBDR, MANDATE NO ****;-£100.16;+£29.12;
31/07/2023;FAST PAYMENT;****** ******** ******* ************ **** ****** *******;+£20.00;+£129.28;
31/07/2023;CARD PAYMENT;**** ********** **** ***** ***** ** **********;-£15.60;+£109.28;
31/07/2023;CREDIT IN;**** **** ****** *** ******** ******** **********;+£820.61;+£124.88;
30/07/2023;CREDIT IN;**** ******* **** ** ****** ****** ******** ******* ********* *****;+£7.00;-£695.73;
30/07/2023;CARD PAYMENT;** *** ***** ******** **** ***** ***** ** **********;-£7.00;-£702.73;
30/07/2023;CARD PAYMENT;******** * **** ***** **** ***** ***** ** **********;-£3.85;-£695.73;
29/07/2023;CARD PAYMENT;**** ****** *** **** ***** ***** ** **********;-£2.25;-£691.88;
29/07/2023;CARD PAYMENT;***** ***** **** **** ***** ***** ** **********;-£0.49;-£689.63;
29/07/2023;CARD PAYMENT;******** * **** ***** **** ***** ***** ** **********;-£3.85;-£689.14;
29/07/2023;CARD PAYMENT;***** ****** **** ***** ***** ** **********;-£3.40;-£685.29;
28/07/2023;CARD PAYMENT;********** ****** **** ***** ***** ** **********;-£15.25;-£681.89;
28/07/2023;CARD PAYMENT;***** ****** **** ***** ***** ** **********;-£3.40;-£666.64;
28/07/2023;PAYMENTS;******** ***** *** ****** ******* ** **** ****** *** ********* **** ******* * ******* ** *;-£550.00;-£663.24;
28/07/2023;CREDIT IN;**** ******* **** ** ****** ****** ******** ******* ********* ****** ****;+£3.00;-£113.24;
27/07/2023;CARD PAYMENT;********** **** ***** ***** ** **********;-£1.45;-£116.24;
27/07/2023;CARD PAYMENT;**** ******* ** ****** ***************   ** **********;-£4.49;-£114.79;
27/07/2023;CARD PAYMENT;******* **** ***** ***** ** **********;-£4.00;-£110.30;
26/07/2023;CARD PAYMENT;**** ****** *** **** ***** ***** ** **********;-£5.13;-£106.30;
26/07/2023;CARD PAYMENT;***** ****** **** **** ***** ***** ** **********;-£2.00;-£101.17;
26/07/2023;CARD PAYMENT;************* *** **** **** ***** ***** ** **********;-£8.30;-£99.17;
26/07/2023;CARD PAYMENT;********* **** ***** ***** ** **********;-£8.95;-£90.87;
25/07/2023;CARD PAYMENT;**** ******* ** ************   ** **********;-£24.99;-£81.92;
25/07/2023;CARD PAYMENT;********* **** ***** ***** ** **********;-£7.69;-£56.93;
25/07/2023;CARD PAYMENT;******** * **** ***** **** ***** ***** ** **********;-£3.85;-£49.24;
24/07/2023;FAST PAYMENT;****** ******** ******* ******* **** * *******;+£110.00;-£45.39;
24/07/2023;CARD PAYMENT;**** ****** *** **** ***** ***** ** **********;-£34.94;-£155.39;
24/07/2023;TRANSFER OUT;**** ******* ** ****** ****** ********* **** ******;-£115.00;-£120.45;
23/07/2023;CARD PAYMENT;***** *** **** ***** ***** ** **********;-£8.50;-£5.45;
23/07/2023;CARD PAYMENT;***** *** **** ***** ***** ** **********;-£3.20;+£3.05;
23/07/2023;CARD PAYMENT;**** ***** **** ***** ***** ** **********;-£2.14;+£6.25;
23/07/2023;CARD PAYMENT;***** ****** **** ***** ***** ** **********;-£3.40;+£8.39;
23/07/2023;CARD PAYMENT;****** **** ***** ***** ** **********;-£6.95;+£11.79;
23/07/2023;CARD PAYMENT;******** * **** ***** **** ***** ***** ** **********;-£3.85;+£18.74;
22/07/2023;CARD PAYMENT;********** **** ***** ***** ** **********;-£3.04;+£22.59;
22/07/2023;CARD PAYMENT;********** ****** **** ***** ***** ** **********;-£5.00;+£25.63;
22/07/2023;CREDIT IN;**** ******* **** ** ****** ****** ******** ******* ********* ****** ****;+£3.00;+£30.63;
21/07/2023;CARD PAYMENT;********** **** ***** ***** ** **********;-£3.92;+£27.63;
21/07/2023;CARD PAYMENT;********** **** ***** ***** ** **********;-£0.85;+£31.55;
21/07/2023;CARD PAYMENT;***************** **** ***** ***** ** **********;-£5.65;+£32.40;
21/07/2023;CREDIT IN;**** **** ****** *** ******* *********** ***********;+£238.30;+£38.05;
20/07/2023;CARD PAYMENT;********** ****** **** ***** ***** ** **********;-£30.00;-£200.25;
20/07/2023;CARD PAYMENT;********** **** ***** ***** ** **********;-£2.04;-£170.25;
20/07/2023;TRANSFER OUT;**** ******* ** ****** ****** ********* ****;-£5.00;-£168.21;
19/07/2023;CARD PAYMENT;********** **** ***** ***** ** **********;-£0.50;-£163.21;
19/07/2023;CARD PAYMENT;********** **** ***** ***** ** **********;-£3.35;-£162.71;
19/07/2023;CARD PAYMENT;***************** **** ***** ***** ** **********;-£4.25;-£159.36;
19/07/2023;CARD PAYMENT;**** ******* ** ****** ***** ****** ** **********;-£69.75;-£155.11;
18/07/2023;CARD PAYMENT;********** ****** **** ***** ***** ** **********;-£13.00;-£85.36;
18/07/2023;CARD PAYMENT;**** ****** *** **** ***** ***** ** **********;-£9.43;-£72.36;
17/07/2023;CARD PAYMENT;******** * **** ***** **** ***** ***** ** **********;-£3.85;-£62.93;
17/07/2023;CARD PAYMENT;**** ******* ** **************   ** **********;-£12.00;-£59.08;
17/07/2023;CARD PAYMENT;***** ****** **** ***** ***** ** **********;-£6.40;-£47.08;
17/07/2023;CARD PAYMENT;****** ************* * **** ***** ***** ** **********;-£2.50;-£40.68;
16/07/2023;CARD PAYMENT;********** **** ***** ***** ** **********;-£4.75;-£38.18;
16/07/2023;FAST PAYMENT;****** ******** ******* ******** **** * *******;+£20.00;-£33.43;
16/07/2023;CARD PAYMENT;***** ***** **** **** ***** ***** ** **********;-£3.94;-£53.43;
16/07/2023;CARD PAYMENT;***************** **** ***** ***** ** **********;-£3.40;-£49.49;
15/07/2023;CARD PAYMENT;********** **** ***** ***** ** **********;-£0.89;-£46.09;
15/07/2023;CARD PAYMENT;*** **** ***** **** ***** ***** ** **********;-£30.01;-£45.20;
15/07/2023;CARD PAYMENT;***** ****** **** **** ***** ***** ** **********;-£3.40;-£15.19;
14/07/2023;CARD PAYMENT;********** **** ***** ***** ** **********;-£1.95;-£11.79;
14/07/2023;CREDIT IN;**** ******* **** ** ****** ****** ******** ******* ********* ****;+£7.00;-£9.84;
14/07/2023;CARD PAYMENT;***************** **** ***** ***** ** **********;-£4.00;-£16.84;
14/07/2023;CARD PAYMENT;******* **** *** ***** **** ***** ***** ** **********;-£1.00;-£12.84;
14/07/2023;CARD PAYMENT;******* **** *** ***** **** ***** ***** ** **********;-£12.60;-£11.84;
14/07/2023;PAYMENTS;******** ***** *** ****** ******* ** ******** ******* ********* ******* * ******* ** ****;-£3.00;+£0.76;
13/07/2023;CARD PAYMENT;********** **** ***** ***** ** **********;-£1.00;+£3.76;
12/07/2023;CARD PAYMENT;***** ****** **** **** ***** ***** ** **********;-£1.70;+£4.76;
12/07/2023;CARD PAYMENT;******** * **** ***** **** ***** ***** ** **********;-£3.85;+£6.46;
11/07/2023;CARD PAYMENT;**** ****** *** **** ***** ***** ** **********;-£31.58;+£10.31;
11/07/2023;CARD PAYMENT;****** ************* * **** ***** ***** ** **********;-£1.00;+£41.89;
11/07/2023;CARD PAYMENT;**** ***** **** ***** ***** ** **********;-£3.95;+£42.89;
10/07/2023;CARD PAYMENT;******** * **** ***** **** ***** ***** ** **********;-£3.85;+£46.84;
10/07/2023;CARD PAYMENT;********** **** ***** ***** ** **********;-£3.54;+£50.69;
10/07/2023;CARD PAYMENT;********** **** ***** ***** ** **********;-£1.75;+£54.23;
09/07/2023;CARD PAYMENT;*** **** ***** **** **** ***** ***** ** **********;-£6.00;+£55.98;
08/07/2023;CARD PAYMENT;********** **** ***** ***** ** **********;-£1.90;+£61.98;
08/07/2023;CARD PAYMENT;********** **** ***** ***** ** **********;-£0.85;+£63.88;
08/07/2023;CARD PAYMENT;** ** ***** **** **** ***** ***** ** **********;-£3.50;+£64.73;
08/07/2023;CARD PAYMENT;***************** **** ***** ***** ** **********;-£3.40;+£68.23;
07/07/2023;CARD PAYMENT;************ *** ***** **** ***** ***** ** **********;-£3.30;+£71.63;
07/07/2023;CARD PAYMENT;************* *** **** **** ***** ***** ** **********;-£12.00;+£74.93;
07/07/2023;CARD PAYMENT;****** ******* **** ***** ***** ** **********;-£1.79;+£86.93;
07/07/2023;CARD PAYMENT;** ***** *** **** ***** ***** ** **********;-£2.95;+£88.72;
06/07/2023;CARD PAYMENT;**** ********** **** ***** ***** ** **********;-£1.40;+£91.67;
06/07/2023;CARD PAYMENT;** ** ***** **** **** ***** ***** ** **********;-£3.50;+£93.07;
06/07/2023;CARD PAYMENT;**** ****** **** **** ***** ***** ** **********;-£49.47;+£96.57;
06/07/2023;CARD PAYMENT;****** ************* * **** ***** ***** ** **********;-£1.29;+£146.04;
05/07/2023;CARD PAYMENT;**** ****** *** **** ***** ***** ** **********;-£38.56;+£147.33;
05/07/2023;CARD PAYMENT;**** ******* ** ************ *********   ** **********;-£7.97;+£185.89;
05/07/2023;CARD PAYMENT;******** * **** ***** **** ***** ***** ** **********;-£3.85;+£193.86;
05/07/2023;CARD PAYMENT;******* **** ***** ***** ** **********;-£7.00;+£197.71;
04/07/2023;CARD PAYMENT;***** ***** ****** **** ***** ***** ** **********;-£3.50;+£204.71;
03/07/2023;CARD PAYMENT;********** ****** **** ***** ***** ** **********;-£3.50;+£208.21;
03/07/2023;CARD PAYMENT;********* ****** *** **** ***** ***** ** **********;-£4.49;+£211.71;
03/07/2023;CARD PAYMENT;****** ************* * **** ***** ***** ** **********;-£4.73;+£216.20;
03/07/2023;CARD PAYMENT;********* **** ***** ***** ** **********;-£35.88;+£220.93;
03/07/2023;DD;DIRECT DEBIT PAYMENT TO UNIHOMES REF *XVQBDR, MANDATE NO ****;-£100.16;+£256.81;
02/07/2023;FAST PAYMENT;****** ******** ******* ******** **** ******** *;+£17.50;+£356.97;
02/07/2023;CARD PAYMENT;**** ****** *** **** ***** ***** ** **********;-£29.12;+£339.47;
02/07/2023;CARD PAYMENT;***** ***** ****** **** ***** ***** ** **********;-£2.70;+£368.59;
02/07/2023;CARD PAYMENT;******** * **** ***** **** ***** ***** ** **********;-£4.20;+£371.29;
02/07/2023;CARD PAYMENT;******** * **** ***** **** ***** ***** ** **********;-£3.85;+£375.49;
02/07/2023;CARD PAYMENT;****** ************* * **** ***** ***** ** **********;-£1.25;+£379.34;
01/07/2023;CARD PAYMENT;**** ****** *** **** ***** ***** ** **********;-£8.53;+£380.59;
01/07/2023;CARD PAYMENT;**** ******* ** **********************   ** **********;-£1.50;+£389.12;
01/07/2023;CARD PAYMENT;****** ************* * **** ***** ***** ** **********;-£1.00;+£390.62;
30/06/2023;CARD PAYMENT;****** ************* * **** ***** ***** ** **********;-£2.39;+£391.62;
30/06/2023;CREDIT IN;**** **** ****** *** ******** ******** **********;+£277.43;+£394.01;
29/06/2023;CARD PAYMENT;**** ****** *** **** ***** ***** ** **********;-£6.44;+£116.58;
28/06/2023;CARD PAYMENT;****** ******* **** ***** ***** ** **********;-£2.30;+£123.02;
28/06/2023;CARD PAYMENT;** ** ***** **** **** ***** ***** ** **********;-£3.50;+£125.32;
28/06/2023;CARD PAYMENT;***** ******* ****** **** ***** ***** ** **********;-£3.60;+£128.82;
28/06/2023;CARD PAYMENT;**** **** **** ***** ***** ** **********;-£8.05;+£132.42;
28/06/2023;PAYMENTS;******** ***** *** ****** ******* ** **** ****** *** ********* **** ******* * ******* ** *;-£550.00;+£140.47;
27/06/2023;CARD PAYMENT;**** ****** *** **** ***** ***** ** **********;-£4.60;+£690.47;
27/06/2023;CARD PAYMENT;** ** ***** **** **** ***** ***** ** **********;-£3.75;+£695.07;
27/06/2023;CARD PAYMENT;************** **** ***** ***** ** **********;-£2.50;+£698.82;
27/06/2023;CARD PAYMENT;**** ***** **** ***** ***** ** **********;-£1.00;+£701.32;
27/06/2023;CARD PAYMENT;***** ****** **** **** ***** ***** ** **********;-£4.90;+£702.32;
27/06/2023;CARD PAYMENT;**** ******* ** ****** ***************   ** **********;-£4.49;+£707.22;
26/06/2023;CARD PAYMENT;*** ****** **** **** ***** ***** ** **********;-£6.50;+£711.71;
26/06/2023;CARD PAYMENT;**** *** *** ********* **** ***** ***** ** **********;-£19.80;+£718.21;
26/06/2023;CARD PAYMENT;**** *** *** ********* **** ***** ***** ** **********;-£17.75;+£738.01;
26/06/2023;CARD PAYMENT;******** * **** ***** **** ***** ***** ** **********;-£3.85;+£755.76;
26/06/2023;CARD PAYMENT;********* ****** ***** **** ***** ***** ** **********;-£4.80;+£759.61;
26/06/2023;CARD PAYMENT;**** ****** **** ***** ***** ** **********;-£8.87;+£764.41;
26/06/2023;CARD PAYMENT;***** ******* **** ***** ***** ** **********;-£2.50;+£773.28;
26/06/2023;CARD PAYMENT;*** ****** ****** **** ***** ***** ** **********;-£0.80;+£775.78;
25/06/2023;CARD PAYMENT;**** ****** *** **** ***** ***** ** **********;-£21.03;+£776.58;
25/06/2023;CARD PAYMENT;***************** **** ***** ***** ** **********;-£4.40;+£797.61;
24/06/2023;CARD PAYMENT;******** * **** ***** **** ***** ***** ** **********;-£3.85;+£802.01;
24/06/2023;CARD PAYMENT;** ** ***** **** **** ***** ***** ** **********;-£3.50;+£805.86;
24/06/2023;CARD PAYMENT;********* **** ***** ***** ** **********;-£4.80;+£809.36;
24/06/2023;CARD PAYMENT;************* * **** **** ***** ***** ** **********;-£51.75;+£814.16;
24/06/2023;CARD PAYMENT;***** **** **** **** ***** ***** ** **********;-£4.89;+£865.91;
24/06/2023;CARD PAYMENT;*** ******* ********** **** ***** ***** ** **********;-£2.00;+£870.80;
24/06/2023;CARD PAYMENT;**** ******* ** ****** ************   ** **********;-£24.80;+£872.80;
23/06/2023;CARD PAYMENT;******** * **** ***** **** ***** ***** ** **********;-£3.85;+£897.60;
23/06/2023;CARD PAYMENT;**** ****** *** **** ***** ***** ** **********;-£5.47;+£901.45;
23/06/2023;CARD PAYMENT;**** ****** *** **** ***** ***** ** **********;-£11.67;+£906.92;
23/06/2023;CARD PAYMENT;** ** ***** **** **** ***** ***** ** **********;-£3.30;+£918.59;
23/06/2023;PAYMENTS;**** ******* *** ****** ******* ** *** ******* ********* ******** * ******* ** **;-£100.00;+£921.89;
23/06/2023;CREDIT IN;**** **** ****** *** **** ****** ******* ****** *******;+£1046.31;+£1021.89;
22/06/2023;CARD PAYMENT;******** * **** ***** **** ***** ***** ** **********;-£3.85;-£24.42;
22/06/2023;CARD PAYMENT;*** ****** ****** **** ***** ***** ** **********;-£8.00;-£20.57;
22/06/2023;CARD PAYMENT;*** ****** ****** **** ***** ***** ** **********;-£4.00;-£12.57;
21/06/2023;CARD PAYMENT;**** ********** **** ***** ***** ** **********;-£64.45;-£8.57;
21/06/2023;CARD PAYMENT;******** * **** ***** **** ***** ***** ** **********;-£3.85;+£55.88;
20/06/2023;CARD PAYMENT;****** ******* **** ***** ***** ** **********;-£2.30;+£59.73;
20/06/2023;CARD PAYMENT;**** ****** **** **** ***** ***** ** **********;-£17.52;+£62.03;
20/06/2023;CARD PAYMENT;**** ******* ** **********************   ** **********;-£1.35;+£79.55;
20/06/2023;CARD PAYMENT;**** **** **** ***** ***** ** **********;-£7.30;+£80.90;
20/06/2023;CARD PAYMENT;******** * **** ***** **** ***** ***** ** **********;-£3.85;+£88.20;
19/06/2023;CARD PAYMENT;******** *** **** *** **** ***** ***** ** **********;-£2.00;+£92.05;
19/06/2023;CARD PAYMENT;*** ***** ****** **** **** ***** ***** ** **********;-£1.65;+£94.05;
18/06/2023;CARD PAYMENT;******** *** **** *** **** ***** ***** ** **********;-£2.00;+£95.70;
18/06/2023;CARD PAYMENT;**** ****** *** **** ***** ***** ** **********;-£0.95;+£97.70;
18/06/2023;CARD PAYMENT;**** ******* ** ********* ****   ** **********;-£5.38;+£98.65;
18/06/2023;CARD PAYMENT;**** ********** **** ***** ***** ** **********;-£6.00;+£104.03;
18/06/2023;CARD PAYMENT;*** ***** ***** *** **** ***** ***** ** **********;-£13.50;+£110.03;
18/06/2023;CARD PAYMENT;****** ************* * **** ***** ***** ** **********;-£2.45;+£123.53;
17/06/2023;CARD PAYMENT;********* **** **** ***** ***** ** **********;-£6.84;+£125.98;
17/06/2023;CARD PAYMENT;****** ************* * **** ***** ***** ** **********;-£3.64;+£132.82;
17/06/2023;CARD PAYMENT;**** ******* ** **************   ** **********;-£12.00;+£136.46;
16/06/2023;CARD PAYMENT;****** *** **** ***** ***** ** **********;-£1.20;+£148.46;
16/06/2023;CARD PAYMENT;**** ****** *** **** ***** ***** ** **********;-£6.13;+£149.66;
16/06/2023;CARD PAYMENT;****** **** * **** *** **** ***** ***** ** **********;-£9.50;+£155.79;
16/06/2023;CARD PAYMENT;** **** *** **** ***** ***** ** **********;-£1.50;+£165.29;
16/06/2023;CARD PAYMENT;******** * **** ***** **** ***** ***** ** **********;-£3.85;+£166.79;
15/06/2023;CARD PAYMENT;** **** *** **** ***** ***** ** **********;-£3.50;+£170.64;
15/06/2023;CARD PAYMENT;********* **** **** ***** ***** ** **********;-£4.68;+£174.14;
15/06/2023;CARD PAYMENT;**** ****** **** **** ***** ***** ** **********;-£58.71;+£178.82;
15/06/2023;CARD PAYMENT;******* **** ***** ***** ** **********;-£55.30;+£237.53;
14/06/2023;CARD PAYMENT;** **** *** **** ***** ***** ** **********;-£1.50;+£292.83;
14/06/2023;CARD PAYMENT;**** *** ******** **** ***** ***** ** **********;-£4.07;+£294.33;
14/06/2023;CARD PAYMENT;********* ****** *** **** ***** ***** ** **********;-£5.98;+£298.40;
14/06/2023;CARD PAYMENT;***** ****** **** **** ***** ***** ** **********;-£38.10;+£304.38;
14/06/2023;CARD PAYMENT;***** ***** **** ***** ***** ** **********;-£7.20;+£342.48;
14/06/2023;CARD PAYMENT;******** * **** ***** **** ***** ***** ** **********;-£3.85;+£349.68;
14/06/2023;PAYMENTS;******** ***** *** ****** ******* ** ******** ******* ********* ******* * ******* ** ****;-£3.00;+£353.53;
13/06/2023;CARD PAYMENT;**** ****** *** **** ***** ***** ** **********;-£13.55;+£356.53;
13/06/2023;CARD PAYMENT;******** * **** ***** **** ***** ***** ** **********;-£3.85;+£370.08;
12/06/2023;CARD PAYMENT;******** *** **** *** **** ***** ***** ** **********;-£2.00;+£373.93;
12/06/2023;CARD PAYMENT;** ** ***** **** **** ***** ***** ** **********;-£8.50;+£375.93;
12/06/2023;CARD PAYMENT;**** ***** **** ***** ***** ** **********;-£3.28;+£384.43;
12/06/2023;CARD PAYMENT;****** ************* * **** ***** ***** ** **********;-£2.39;+£387.71;
11/06/2023;CARD PAYMENT;****** ************* * **** ***** ***** ** **********;-£2.75;+£390.10;
11/06/2023;CARD PAYMENT;******** * **** ***** **** ***** ***** ** **********;-£3.85;+£392.85;
10/06/2023;CARD PAYMENT;**** ****** *** **** ***** ***** ** **********;-£31.25;+£396.70;
10/06/2023;CARD PAYMENT;*********** *** **** ***** ***** ** **********;-£8.00;+£427.95;
10/06/2023;CARD PAYMENT;******** **** **** ***** ***** ** **********;-£5.49;+£435.95;
10/06/2023;CARD PAYMENT;****** ************* * **** ***** ***** ** **********;-£3.12;+£441.44;
10/06/2023;CARD PAYMENT;****** *********** *** **** ***** ***** ** **********;-£4.85;+£444.56;
10/06/2023;CARD PAYMENT;****** *********** *** **** ***** ***** ** **********;-£2.00;+£449.41;
09/06/2023;CARD PAYMENT;** ** ***** **** **** ***** ***** ** **********;-£3.58;+£451.41;
09/06/2023;CARD PAYMENT;**** ****** *** **** ***** ***** ** **********;-£15.07;+£454.99;
09/06/2023;CARD PAYMENT;******** * **** ***** **** ***** ***** ** **********;-£3.85;+£470.06;
09/06/2023;CARD PAYMENT;**** ******* ** *********** **********   ** **********;-£60.00;+£473.91;
09/06/2023;FAST PAYMENT;****** ******** ******* ******** **** ******** *;+£60.00;+£533.91;
08/06/2023;CARD PAYMENT;** **** ******** ***** **** ***** ***** ** **********;-£1.50;+£473.91;
08/06/2023;CARD PAYMENT;******** *** **** *** **** ***** ***** ** **********;-£2.00;+£475.41;
08/06/2023;CARD PAYMENT;** **** ******** ***** **** ***** ***** ** **********;-£3.00;+£477.41;
07/06/2023;CARD PAYMENT;********* **** ****** **** ***** ***** ** **********;-£12.15;+£480.41;
07/06/2023;CARD PAYMENT;**** ****** *** **** ***** ***** ** **********;-£11.04;+£492.56;
06/06/2023;CARD PAYMENT;******** *** **** *** **** ***** ***** ** **********;-£2.00;+£503.60;
06/06/2023;CARD PAYMENT;******** ******* ***** **** ***** ***** ** **********;-£3.95;+£505.60;
06/06/2023;CARD PAYMENT;** ** ***** **** **** ***** ***** ** **********;-£14.50;+£509.55;
06/06/2023;CARD PAYMENT;**** ****** *** **** ***** ***** ** **********;-£16.90;+£524.05;
06/06/2023;CARD PAYMENT;******* ******* **** ***** ***** ** **********;-£19.40;+£540.95;
06/06/2023;CARD PAYMENT;**** ******* ** **** **** *** ****   ** **********;-£1.50;+£560.35;
06/06/2023;CARD PAYMENT;************ ***** *** **** ***** ***** ** **********;-£1.39;+£561.85;
06/06/2023;CARD PAYMENT;******* **** *** **** ***** ***** ** **********;-£10.20;+£563.24;
06/06/2023;CARD PAYMENT;**** ******* ** **********************   ** **********;-£1.50;+£573.44;
06/06/2023;CARD PAYMENT;******** **** **** ***** ***** ** **********;-£13.29;+£574.94;
06/06/2023;CARD PAYMENT;******** ******* *** **** ***** ***** ** **********;-£33.10;+£588.23;
05/06/2023;CARD PAYMENT;*** ********** **** ***** ***** ** **********;-£55.03;+£621.33;
05/06/2023;CARD PAYMENT;********* **** ***** ***** ** **********;-£31.04;+£676.36;
05/06/2023;CARD PAYMENT;****** ************* * **** ***** ***** ** **********;-£4.90;+£707.40;
04/06/2023;FAST PAYMENT;****** ******** ******* ******** **** ******** *;+£16.00;+£712.30;
04/06/2023;CARD PAYMENT;** **** ******** ***** **** ***** ***** ** **********;-£1.50;+£696.30;
04/06/2023;CARD PAYMENT;********** ****** **** ***** ***** ** **********;-£3.50;+£697.80;
04/06/2023;CARD PAYMENT;****** ************* * **** ***** ***** ** **********;-£4.75;+£701.30;
04/06/2023;CARD PAYMENT;**** ******* ** ************ *********   ** **********;-£34.99;+£706.05;
03/06/2023;CARD PAYMENT;******** * **** ***** **** ***** ***** ** **********;-£3.85;+£741.04;
03/06/2023;CARD PAYMENT;****** ************* * **** ***** ***** ** **********;-£2.49;+£744.89;
02/06/2023;CARD PAYMENT;** **** ******** ***** **** ***** ***** ** **********;-£1.50;+£747.38;
02/06/2023;CARD PAYMENT;**** ****** *** **** ***** ***** ** **********;-£18.42;+£748.88;
01/06/2023;CARD PAYMENT;********* ******** **** ***** ***** ** **********;-£3.00;+£767.30;
01/06/2023;CARD PAYMENT;********* ******** **** ***** ***** ** **********;-£8.50;+£770.30;
01/06/2023;CARD PAYMENT;********* **** ***** ***** ** **********;-£13.65;+£778.80;
01/06/2023;CARD PAYMENT;********* ****** *** **** ***** ***** ** **********;-£55.15;+£792.45;
01/06/2023;CARD PAYMENT;********* ****** *** **** ***** ***** ** **********;-£1.40;+£847.60;
01/06/2023;CARD PAYMENT;**** ***** **** ***** ***** ** **********;-£4.95;+£849.00;
01/06/2023;CARD PAYMENT;******* ******** **** ***** ***** ** **********;-£19.30;+£853.95;
01/06/2023;CARD PAYMENT;***** **** **** ***** ***** ** **********;-£19.45;+£873.25;
01/06/2023;DD;DIRECT DEBIT PAYMENT TO UNIHOMES REF *XVQBDR, MANDATE NO ****;-£100.16;+£892.70;
31/05/2023;CARD PAYMENT;** ******** **** ***** ***** ** **********;-£12.42;+£992.86;
31/05/2023;CARD PAYMENT;******** * **** ***** **** ***** ***** ** **********;-£3.85;+£1005.28;
31/05/2023;CARD PAYMENT;**** ****** *** **** ***** ***** ** **********;-£13.40;+£1009.13;
31/05/2023;CARD PAYMENT;** ** ********** **** ***** ***** ** **********;-£1.00;+£1022.53;
31/05/2023;CARD PAYMENT;**** ****** *** **** ***** ***** ** **********;-£11.51;+£1023.53;
31/05/2023;FAST PAYMENT;****** ******** ******* ********** **** ******** *;+£38.95;+£1035.04;
31/05/2023;CREDIT IN;**** **** ****** *** ******** ******** **********;+£314.42;+£996.09;
30/05/2023;CARD PAYMENT;******** *** **** *** **** ***** ***** ** **********;-£1.70;+£681.67;
30/05/2023;CARD PAYMENT;***** **** ***** ***** ** **********;-£7.00;+£683.37;
30/05/2023;CARD PAYMENT;*** *********** ** **** ***** ***** ** **********;-£4.00;+£690.37;
30/05/2023;CARD PAYMENT;** ** ***** **** **** ***** ***** ** **********;-£4.00;+£694.37;
30/05/2023;CARD PAYMENT;***** **** ***** ***** ** **********;-£3.50;+£698.37;
30/05/2023;CARD PAYMENT;*************** **** ***** ***** ** **********;-£14.00;+£701.87;
30/05/2023;PAYMENTS;******** ***** *** ****** ******* ** **** ****** *** ********* **** ******* * ******* ** *;-£550.00;+£715.87;
29/05/2023;CARD PAYMENT;***** ***** ****** **** ***** ***** ** **********;-£4.00;+£1265.87;
28/05/2023;CARD PAYMENT;**** ******* ** ****** ******* *** ***   ** **********;-£2.50;+£1269.87;
28/05/2023;CARD PAYMENT;** ** ***** **** **** ***** ***** ** **********;-£4.00;+£1272.37;
28/05/2023;CARD PAYMENT;****** ************* * **** ***** ***** ** **********;-£1.39;+£1276.37;
27/05/2023;CARD PAYMENT;**** ****** *** **** ***** ***** ** **********;-£32.08;+£1277.76;
27/05/2023;CARD PAYMENT;**** ******* ** **********************   ** **********;-£7.70;+£1309.84;
27/05/2023;CARD PAYMENT;**** ******* ** ************ *********   ** **********;-£11.99;+£1317.54;
27/05/2023;CARD PAYMENT;**** ******* ** ****** ***************   ** **********;-£4.49;+£1329.53;
26/05/2023;CARD PAYMENT;***** ***** **** **** ***** ***** ** **********;-£762.95;+£1334.02;
26/05/2023;CARD PAYMENT;**** ******* ** *********   ** **********;-£4.45;+£2096.97;
26/05/2023;CARD PAYMENT;****** ************* * **** ***** ***** ** **********;-£4.48;+£2101.42;
26/05/2023;FAST PAYMENT;****** ******** ******* ********* **** * *******;+£250.00;+£2105.90;
25/05/2023;CARD PAYMENT;***** ***** ****** **** ***** ***** ** **********;-£7.20;+£1855.90;
25/05/2023;CREDIT IN;**** **** ****** *** **** ****** ******* ****** *******;+£102.75;+£1863.10;
24/05/2023;CARD PAYMENT;******** ***** **** **** ***** ***** ** **********;-£4.00;+£1760.35;
24/05/2023;CARD PAYMENT;**** ********** **** ***** ***** ** **********;-£43.55;+£1764.35;
24/05/2023;CARD PAYMENT;****** *** **** ***** ***** ** **********;-£6.45;+£1807.90;
24/05/2023;CARD PAYMENT;**** ***** **** ***** ***** ** **********;-£4.89;+£1814.35;
24/05/2023;CARD PAYMENT;***** ******* ****** **** ***** ***** ** **********;-£7.20;+£1819.24;
24/05/2023;CARD PAYMENT;******** * **** ***** **** ***** ***** ** **********;-£17.50;+£1826.44;
24/05/2023;CARD PAYMENT;******* **** ***** ***** ** **********;-£30.00;+£1843.94;
23/05/2023;CARD PAYMENT;********* **** **** ***** ***** ** **********;-£7.38;+£1873.94;
23/05/2023;CARD PAYMENT;******** ***** **** **** ***** ***** ** **********;-£1.55;+£1881.32;
23/05/2023;CARD PAYMENT;*** ******* ********** **** ***** ***** ** **********;-£2.00;+£1882.87;
23/05/2023;CARD PAYMENT;****** ************* * **** ***** ***** ** **********;-£1.25;+£1884.87;
22/05/2023;CARD PAYMENT;**** ***** **** ***** ***** ** **********;-£3.24;+£1886.12;
22/05/2023;CARD PAYMENT;**** ***** **** ***** ***** ** **********;-£1.55;+£1889.36;
22/05/2023;CARD PAYMENT;****** ************* * **** ***** ***** ** **********;-£2.99;+£1890.91;
22/05/2023;CARD PAYMENT;****** ************* * **** ***** ***** ** **********;-£1.25;+£1893.90;
22/05/2023;CARD PAYMENT;****** ************* * **** ***** ***** ** **********;-£4.25;+£1895.15;
21/05/2023;CARD PAYMENT;********** ****** **** ***** ***** ** **********;-£4.70;+£1899.40;
21/05/2023;CARD PAYMENT;***** ***** ****** **** ***** ***** ** **********;-£1.30;+£1904.10;
20/05/2023;CARD PAYMENT;********* **** **** ***** ***** ** **********;-£11.47;+£1905.40;
20/05/2023;CARD PAYMENT;**** ***** **** ***** ***** ** **********;-£1.10;+£1916.87;
20/05/2023;CARD PAYMENT;******** ****** ****** **** ***** ***** ** **********;-£4.00;+£1917.97;
20/05/2023;CARD PAYMENT;**** ******* ** ****** ************   ** **********;-£5.00;+£1921.97;
19/05/2023;CARD PAYMENT;**** ****** *** **** ***** ***** ** **********;-£15.04;+£1926.97;
19/05/2023;CARD PAYMENT;**** ******* ** **************   ** **********;-£12.00;+£1942.01;
19/05/2023;CARD PAYMENT;** ** ***** **** **** ***** ***** ** **********;-£0.80;+£1954.01;
19/05/2023;CARD PAYMENT;******** ***** **** **** ***** ***** ** **********;-£5.40;+£1954.81;
19/05/2023;CARD PAYMENT;****** *** **** ***** ***** ** **********;-£8.10;+£1960.21;
19/05/2023;FAST PAYMENT;****** ******** ******* ************ **** ******** *;+£6.00;+£1968.31;
18/05/2023;CARD PAYMENT;**** ****** *** **** ***** ***** ** **********;-£7.42;+£1962.31;
18/05/2023;CARD PAYMENT;******** ***** **** **** ***** ***** ** **********;-£4.00;+£1969.73;
18/05/2023;CARD PAYMENT;*** ******* ********** **** ***** ***** ** **********;-£2.00;+£1973.73;
18/05/2023;CARD PAYMENT;*** ******* ********** **** ***** ***** ** **********;-£2.00;+£1975.73;
17/05/2023;CARD PAYMENT;**** ****** *** **** ***** ***** ** **********;-£16.42;+£1977.73;
17/05/2023;CARD PAYMENT;******** ***** **** **** ***** ***** ** **********;-£1.45;+£1994.15;
17/05/2023;CARD PAYMENT;******** ***** **** **** ***** ***** ** **********;-£2.75;+£1995.60;
17/05/2023;CARD PAYMENT;*** ******* ********** **** ***** ***** ** **********;-£2.40;+£1998.35;
17/05/2023;CARD PAYMENT;*** ******* ********** **** ***** ***** ** **********;-£2.00;+£2000.75;
17/05/2023;CARD PAYMENT;******** * **** ***** **** ***** ***** ** **********;-£17.50;+£2002.75;
16/05/2023;CARD PAYMENT;******** ***** **** **** ***** ***** ** **********;-£5.45;+£2020.25;
16/05/2023;CARD PAYMENT;******** ***** **** **** ***** ***** ** **********;-£4.00;+£2025.70;
16/05/2023;CARD PAYMENT;*** ******* ********** **** ***** ***** ** **********;-£9.90;+£2029.70;
16/05/2023;CARD PAYMENT;****** ************* * **** ***** ***** ** **********;-£1.20;+£2039.60;
16/05/2023;CARD PAYMENT;************* **** ***** ***** ** **********;-£2.15;+£2040.80;
15/05/2023;FAST PAYMENT;****** ******** ******* ******** **** ******** *;+£3.80;+£2042.95;
15/05/2023;PAYMENTS;**** ******* *** ****** ******* ** ** *** ***** ********* *** * ******* ** **;-£40.00;+£2039.15;
15/05/2023;CARD PAYMENT;**** ****** **** **** ***** ***** ** **********;-£38.49;+£2079.15;
15/05/2023;CARD PAYMENT;**** ********** **** ***** ***** ** **********;-£5.89;+£2117.64;
15/05/2023;CARD PAYMENT;**** ********** **** ***** ***** ** **********;-£13.50;+£2123.53;
15/05/2023;PAYMENTS;******** ***** *** ****** ******* ** ******** ******* ********* ******* * ******* ** ****;-£3.00;+£2137.03;
14/05/2023;CARD PAYMENT;******** ***** **** **** ***** ***** ** **********;-£4.00;+£2140.03;
14/05/2023;CARD PAYMENT;************** **** ***** ***** ** **********;-£5.00;+£2144.03;
14/05/2023;CARD PAYMENT;****** ******* **** ***** ***** ** **********;-£2.30;+£2149.03;
14/05/2023;CARD PAYMENT;****** ******** *** **** ***** ***** ** **********;-£6.50;+£2151.33;
14/05/2023;CARD PAYMENT;**** **** **** ***** ***** ** **********;-£4.25;+£2157.83;
13/05/2023;CARD PAYMENT;**** ******* ** ****** ************* *   ** **********;-£1.80;+£2162.08;
13/05/2023;CARD PAYMENT;**** **** **** ***** ***** ** **********;-£1.99;+£2163.88;
13/05/2023;CARD PAYMENT;********** ******** **** ***** ***** ** **********;-£12.80;+£2165.87;
13/05/2023;CARD PAYMENT;********** ******** **** ***** ***** ** **********;-£12.80;+£2178.67;
13/05/2023;CARD PAYMENT;********** **** ***** ***** ** **********;-£11.90;+£2191.47;
13/05/2023;CARD PAYMENT;********** **** ***** ***** ** **********;-£11.90;+£2203.37;
13/05/2023;CARD PAYMENT;*** ******* ********** **** ***** ***** ** **********;-£2.00;+£2215.27;
13/05/2023;CARD PAYMENT;**** **** **** ***** ***** ** **********;-£1.25;+£2217.27;
12/05/2023;CARD PAYMENT;******** ***** **** **** ***** ***** ** **********;-£2.50;+£2218.52;
12/05/2023;CARD PAYMENT;******** ***** **** **** ***** ***** ** **********;-£0.90;+£2221.02;
12/05/2023;CARD PAYMENT;******** ***** **** **** ***** ***** ** **********;-£2.00;+£2221.92;
12/05/2023;CARD PAYMENT;**** ********** **** ***** ***** ** **********;-£21.00;+£2223.92;
11/05/2023;CARD PAYMENT;**** ****** *** **** ***** ***** ** **********;-£14.71;+£2244.92;
11/05/2023;CARD PAYMENT;******** ***** **** **** ***** ***** ** **********;-£7.00;+£2259.63;
11/05/2023;CARD PAYMENT;****** ************* * **** ***** ***** ** **********;-£1.19;+£2266.63;
11/05/2023;CREDIT IN;**** ******* **** ** ****** ****** ******** ******* ********* ********;+£22.00;+£2267.82;
11/05/2023;CARD PAYMENT;*** ******* ********** **** ***** ***** ** **********;-£2.00;+£2245.82;
11/05/2023;CARD PAYMENT;**** ******* ** ****** ************   ** **********;-£5.09;+£2247.82;
10/05/2023;CARD PAYMENT;****** *** **** ***** ***** ** **********;-£1.20;+£2252.91;
10/05/2023;CARD PAYMENT;******** * **** ***** **** ***** ***** ** **********;-£17.50;+£2254.11;
09/05/2023;CARD PAYMENT;******** ***** **** **** ***** ***** ** **********;-£4.00;+£2271.61;
09/05/2023;CARD PAYMENT;****** *** **** ***** ***** ** **********;-£5.50;+£2275.61;
09/05/2023;CARD PAYMENT;****** ************* * **** ***** ***** ** **********;-£2.30;+£2281.11;
08/05/2023;PAYMENTS;**** ******* *** ****** ******* ** **** * * ******* ********* ******** * ******* ** **;-£13.50;+£2283.41;
08/05/2023;CARD PAYMENT;******** ***** **** **** ***** ***** ** **********;-£6.00;+£2296.91;
08/05/2023;PAYMENTS;**** ******* *** ****** ******* ** *** ***** * **** ********* **** * *** * ******* ** **;-£20.00;+£2302.91;
08/05/2023;CARD PAYMENT;****** ************* * **** ***** ***** ** **********;-£1.00;+£2322.91;
07/05/2023;CARD PAYMENT;**** ****** *** **** ***** ***** ** **********;-£38.61;+£2323.91;
07/05/2023;CARD PAYMENT;******** ***** **** **** ***** ***** ** **********;-£0.55;+£2362.52;
07/05/2023;CARD PAYMENT;****** ************* * **** ***** ***** ** **********;-£3.99;+£2363.07;
07/05/2023;CARD PAYMENT;****** ************* * **** ***** ***** ** **********;-£0.85;+£2367.06;
07/05/2023;CARD PAYMENT;****** ************* * **** ***** ***** ** **********;-£2.00;+£2367.91;
07/05/2023;CARD PAYMENT;**** ******* **** ***** ***** ** **********;-£9.50;+£2369.91;
07/05/2023;CARD PAYMENT;**** ******* **** ***** ***** ** **********;-£8.00;+£2379.41;
06/05/2023;CARD PAYMENT;****** ************* * **** ***** ***** ** **********;-£4.00;+£2387.41;
06/05/2023;CARD PAYMENT;****** ************* * **** ***** ***** ** **********;-£1.39;+£2391.41;
06/05/2023;CARD PAYMENT;******** ***** **** **** ***** ***** ** **********;-£4.00;+£2392.80;
06/05/2023;CARD PAYMENT;** ** ***** **** **** ***** ***** ** **********;-£2.40;+£2396.80;
06/05/2023;CARD PAYMENT;**** ******* **** ***** ***** ** **********;-£2.00;+£2399.20;
06/05/2023;CARD PAYMENT;**** ******* **** ***** ***** ** **********;-£3.00;+£2401.20;
06/05/2023;CARD PAYMENT;*** ******* ********** **** ***** ***** ** **********;-£2.00;+£2404.20;
05/05/2023;CARD PAYMENT;** ** ***** **** **** ***** ***** ** **********;-£4.00;+£2406.20;
05/05/2023;CARD PAYMENT;****** ************* * **** ***** ***** ** **********;-£1.59;+£2410.20;
04/05/2023;CARD PAYMENT;****** ************* * **** ***** ***** ** **********;-£3.75;+£2411.79;
04/05/2023;CARD PAYMENT;***** * ******** **** ***** ***** ** **********;-£5.30;+£2415.54;
04/05/2023;CARD PAYMENT;**** ****** ******* **** ***** ***** ** **********;-£8.45;+£2420.84;
03/05/2023;CARD PAYMENT;**** ****** *** **** ***** ***** ** **********;-£55.91;+£2429.29;
03/05/2023;CARD PAYMENT;******** ***** **** **** ***** ***** ** **********;-£1.25;+£2485.20;
03/05/2023;CARD PAYMENT;******** * **** ***** **** ***** ***** ** **********;-£17.50;+£2486.45;
02/05/2023;CARD PAYMENT;****** ************* * **** ***** ***** ** **********;-£2.40;+£2503.95;
02/05/2023;CARD PAYMENT;********* **** ***** ***** ** **********;-£32.38;+£2506.35;
02/05/2023;DD;DIRECT DEBIT PAYMENT TO UNIHOMES REF *XVQBDR, MANDATE NO ****;-£100.16;+£2538.73;
01/05/2023;FAST PAYMENT;****** ******** ******* ******** **** ******** *;+£16.00;+£2638.89;
01/05/2023;PAYMENTS;**** ******* *** ****** ******* ** **** * * ******* ********* ******** * ******* ** **;-£3.50;+£2622.89;
01/05/2023;CARD PAYMENT;******** ***** **** **** ***** ***** ** **********;-£8.45;+£2626.39;
01/05/2023;CARD PAYMENT;****** ************* * **** ***** ***** ** **********;-£3.00;+£2634.84;
30/04/2023;CARD PAYMENT;****** *** **** ***** ***** ** **********;-£1.20;+£2637.84;
30/04/2023;CARD PAYMENT;****** ************* * **** ***** ***** ** **********;-£1.00;+£2639.04;
30/04/2023;CARD PAYMENT;**** ******* **** ***** ***** ** **********;-£6.57;+£2640.04;
30/04/2023;CARD PAYMENT;**** ******* **** ***** ***** ** **********;-£4.00;+£2646.61;
30/04/2023;CARD PAYMENT;**** ******* **** ***** ***** ** **********;-£2.00;+£2650.61;
29/04/2023;CARD PAYMENT;********* **** **** ***** ***** ** **********;-£7.66;+£2652.61;
29/04/2023;CARD PAYMENT;******** *** **** *** **** ***** ***** ** **********;-£2.00;+£2660.27;
29/04/2023;CARD PAYMENT;**** ********** **** ***** ***** ** **********;-£55.09;+£2662.27;
29/04/2023;CARD PAYMENT;****** ******* **** ***** ***** ** **********;-£1.70;+£2717.36;
29/04/2023;FAST PAYMENT;****** ******** ******* ******** **** ******** *;+£27.54;+£2719.06;
28/04/2023;CARD PAYMENT;****** *** **** ***** ***** ** **********;-£6.50;+£2691.52;
28/04/2023;CARD PAYMENT;****** *** **** ***** ***** ** **********;-£7.10;+£2698.02;
28/04/2023;CARD PAYMENT;******** ***** **** **** ***** ***** ** **********;-£4.00;+£2705.12;
28/04/2023;CARD PAYMENT;******** ***** **** **** ***** ***** ** **********;-£2.80;+£2709.12;
28/04/2023;CARD PAYMENT;******** ***** **** **** ***** ***** ** **********;-£1.00;+£2711.92;
28/04/2023;CARD PAYMENT;****** ************* * **** ***** ***** ** **********;-£2.72;+£2712.92;
28/04/2023;PAYMENTS;******** ***** *** ****** ******* ** **** ****** *** ********* **** ******* * ******* ** *;-£550.00;+£2715.64;
28/04/2023;CREDIT IN;**** **** ****** *** ******** ******** **********;+£246.60;+£3265.64;
27/04/2023;CARD PAYMENT;****** *** **** ***** ***** ** **********;-£5.85;+£3019.04;
27/04/2023;CARD PAYMENT;****** *** **** ***** ***** ** **********;-£5.85;+£3024.89;
27/04/2023;CARD PAYMENT;****** *** **** ***** ***** ** **********;-£3.00;+£3030.74;
27/04/2023;CARD PAYMENT;****** *** **** ***** ***** ** **********;-£3.00;+£3033.74;
27/04/2023;CARD PAYMENT;*** ******* ********** **** ***** ***** ** **********;-£2.00;+£3036.74;
27/04/2023;CARD PAYMENT;**** ******* ** ************ *********   ** **********;-£5.95;+£3038.74;
27/04/2023;CARD PAYMENT;**** ******* ** ****** ***************   ** **********;-£4.49;+£3044.69;
26/04/2023;CARD PAYMENT;******** ***** **** **** ***** ***** ** **********;-£0.55;+£3049.18;
26/04/2023;CARD PAYMENT;******** ***** **** **** ***** ***** ** **********;-£2.00;+£3049.73;
26/04/2023;CARD PAYMENT;****** ************* * **** ***** ***** ** **********;-£3.49;+£3051.73;
26/04/2023;CARD PAYMENT;***** **** ***** ***** ** **********;-£8.25;+£3055.22;
25/04/2023;CARD PAYMENT;******** ***** **** **** ***** ***** ** **********;-£0.55;+£3063.47;
25/04/2023;CARD PAYMENT;****** *** **** ***** ***** ** **********;-£3.00;+£3064.02;
25/04/2023;CARD PAYMENT;****** *** **** ***** ***** ** **********;-£3.00;+£3067.02;
25/04/2023;CARD PAYMENT;******** ***** **** **** ***** ***** ** **********;-£0.55;+£3070.02;
25/04/2023;CARD PAYMENT;*** ******* ********** **** ***** ***** ** **********;-£7.15;+£3070.57;
25/04/2023;CARD PAYMENT;*** ******* ********** **** ***** ***** ** **********;-£14.12;+£3077.72;
25/04/2023;CARD PAYMENT;******** * **** ***** **** ***** ***** ** **********;-£15.50;+£3091.84;
24/04/2023;CARD PAYMENT;****** ************* * **** ***** ***** ** **********;-£5.98;+£3107.34;
24/04/2023;CREDIT IN;**** **** ****** *** *** ************** ***********;+£3124.60;+£3113.32;
23/04/2023;CARD PAYMENT;****** *** **** ***** ***** ** **********;-£6.75;-£11.28;
23/04/2023;CARD PAYMENT;******** ***** **** **** ***** ***** ** **********;-£1.50;-£4.53;
23/04/2023;PAYMENTS;**** ******* *** ****** ******* ** **** * * ******* ********* ******** * ******* ** **;-£26.50;-£3.03;
23/04/2023;CARD PAYMENT;****** *** **** ***** ***** ** **********;-£7.55;+£23.47;
22/04/2023;CARD PAYMENT;**** ********** **** ***** ***** ** **********;-£22.25;+£31.02;
22/04/2023;CARD PAYMENT;**** ****** **** **** ***** ***** ** **********;-£26.42;+£53.27;
21/04/2023;FAST PAYMENT;****** ******** ******* ************ **** ****** *******;+£50.00;+£79.69;
21/04/2023;CARD PAYMENT;***** ***** **** ***** ***** ** **********;-£12.21;+£29.69;
20/04/2023;CARD PAYMENT;**** ****** *** **** ***** ***** ** **********;-£39.39;+£41.90;
20/04/2023;FAST PAYMENT;****** ******** ******* ************ **** ****** *******;+£100.00;+£81.29;
20/04/2023;FAST PAYMENT;****** ******** ******* ******** **** ******** *;+£20.00;-£18.71;
20/04/2023;CARD PAYMENT;** ** ***** **** **** ***** ***** ** **********;-£0.18;-£38.71;
19/04/2023;CARD PAYMENT;****** ************* * **** ***** ***** ** **********;-£2.39;-£38.53;
18/04/2023;CARD PAYMENT;******** ***** **** **** ***** ***** ** **********;-£1.49;-£36.14;
18/04/2023;CARD PAYMENT;** ** ***** **** **** ***** ***** ** **********;-£0.60;-£34.65;
18/04/2023;CARD PAYMENT;**** ******* ** **************   ** **********;-£12.00;-£34.05;
18/04/2023;CARD PAYMENT;** ** ***** **** **** ***** ***** ** **********;-£0.60;-£22.05;
18/04/2023;FAST PAYMENT;****** ******** ******* ******** **** ******** *;+£18.00;-£21.45;
18/04/2023;CARD PAYMENT;*** ******* ********** **** ***** ***** ** **********;-£4.00;-£39.45;
18/04/2023;CARD PAYMENT;****** ************* * **** ***** ***** ** **********;-£1.59;-£35.45;
18/04/2023;CARD PAYMENT;******** * **** ***** **** ***** ***** ** **********;-£15.50;-£33.86;
17/04/2023;CARD PAYMENT;**** ****** *** **** ***** ***** ** **********;-£9.77;-£18.36;
16/04/2023;CARD PAYMENT;**** ****** *** **** ***** ***** ** **********;-£19.66;-£8.59;
16/04/2023;CARD PAYMENT;** ** ***** **** **** ***** ***** ** **********;-£2.60;+£11.07;
16/04/2023;CARD PAYMENT;******** * **** ***** **** ***** ***** ** **********;-£3.60;+£13.67;
15/04/2023;CARD PAYMENT;**** ****** *** **** ***** ***** ** **********;-£14.81;+£17.27;
14/04/2023;FAST PAYMENT;****** ******** ******* *********** **** * *******;+£50.00;+£32.08;
14/04/2023;CARD PAYMENT;**** ***** **** ***** ***** ** **********;-£24.25;-£17.92;
14/04/2023;PAYMENTS;******** ***** *** ****** ******* ** ******** ******* ********* ******* * ******* ** ****;-£3.00;+£6.33;
13/04/2023;CARD PAYMENT;******** * **** ***** **** ***** ***** ** **********;-£3.60;+£9.33;
13/04/2023;CARD PAYMENT;********** ******** ** **** ***** ***** ** **********;-£2.10;+£12.93;
13/04/2023;FAST PAYMENT;****** ******** ******* ************ **** ****** *******;+£70.00;+£15.03;
13/04/2023;CARD PAYMENT;******** **** ***** ***** ** **********;-£2.00;-£54.97;
13/04/2023;CARD PAYMENT;******* **** **** ***** ***** ** **********;-£6.50;-£52.97;
13/04/2023;CARD PAYMENT;********** ****** **** ***** ***** ** **********;-£23.80;-£46.47;
12/04/2023;PAYMENTS;**** ******* *** ****** ******* ** **** * * ******* ********* ******** * ******* ** **;-£12.00;-£22.67;
12/04/2023;CARD PAYMENT;********** ****** **** ***** ***** ** **********;-£6.25;-£10.67;
12/04/2023;CARD PAYMENT;***** ***** ****** **** ***** ***** ** **********;-£3.50;-£4.42;
12/04/2023;CARD PAYMENT;***** ***** ****** **** ***** ***** ** **********;-£3.75;-£0.92;
12/04/2023;CARD PAYMENT;********** **** ***** ***** ** **********;-£8.00;+£2.83;
11/04/2023;CARD PAYMENT;************* *** **** **** ***** ***** ** **********;-£0.75;+£10.83;
11/04/2023;CARD PAYMENT;**** ******* ** **********************   ** **********;-£2.90;+£11.58;
10/04/2023;FAST PAYMENT;****** ******** ******* ************ **** ****** *******;+£30.00;+£14.48;
10/04/2023;PAYMENTS;**** ******* *** ****** ******* ** **** ******** * ********* ** **** * ******* ** **;-£30.00;-£15.52;
10/04/2023;CARD PAYMENT;****** ************* * **** ***** ***** ** **********;-£2.25;+£14.48;
09/04/2023;CARD PAYMENT;********* **** ***** ***** ** **********;-£6.69;+£16.73;
09/04/2023;CARD PAYMENT;***** ***** **** ***** ***** ** **********;-£3.60;+£23.42;
08/04/2023;CARD PAYMENT;********* **** ***** ***** ** **********;-£4.57;+£27.02;
08/04/2023;CARD PAYMENT;****** ************* * **** ***** ***** ** **********;-£5.79;+£31.59;
08/04/2023;CARD PAYMENT;***** *** **** ***** ***** ** **********;-£16.00;+£37.38;
08/04/2023;CARD PAYMENT;***** *** **** ***** ***** ** **********;-£8.00;+£53.38;
08/04/2023;CARD PAYMENT;***** *** **** ***** ***** ** **********;-£8.00;+£61.38;
08/04/2023;CARD PAYMENT;***** *** **** ***** ***** ** **********;-£8.00;+£69.38;
08/04/2023;FAST PAYMENT;****** ******** ******* ************ **** ******** *;+£50.00;+£77.38;
06/04/2023;CARD PAYMENT;****** ******* **** ***** ***** ** **********;-£2.30;+£27.38;
06/04/2023;CARD PAYMENT;*** **** **** **** ***** ***** ** **********;-£28.25;+£29.68;
06/04/2023;FAST PAYMENT;****** ******** ******* ********** **** ******** *;+£25.00;+£57.93;
06/04/2023;CARD PAYMENT;**** **** **** ***** ***** ** **********;-£7.00;+£32.93;
06/04/2023;CARD PAYMENT;***** ***** **** ***** ***** ** **********;-£18.81;+£39.93;
05/04/2023;CARD PAYMENT;**** ******* **** ***** ***** ** **********;-£8.34;+£58.74;
05/04/2023;CARD PAYMENT;*** ****** ***** **** ***** ***** ** **********;-£35.00;+£67.08;
05/04/2023;CARD PAYMENT;** ** ***** **** **** ***** ***** ** **********;-£0.84;+£102.08;
05/04/2023;CARD PAYMENT;***** **** ***** ***** ** **********;-£10.50;+£102.92;
05/04/2023;CARD PAYMENT;******** * **** ***** **** ***** ***** ** **********;-£15.50;+£113.42;
05/04/2023;CARD PAYMENT;**** ******* ** ******************   ** **********;-£1.59;+£128.92;
04/04/2023;CARD PAYMENT;****** *** **** ***** ***** ** **********;-£2.40;+£130.51;
04/04/2023;CARD PAYMENT;**** ****** *** **** ***** ***** ** **********;-£15.26;+£132.91;
04/04/2023;CARD PAYMENT;**** ****** *** **** ***** ***** ** **********;-£14.50;+£148.17;
04/04/2023;CARD PAYMENT;********* ****** *** **** ***** ***** ** **********;-£10.48;+£162.67;
04/04/2023;CARD PAYMENT;****** ******* **** ***** ***** ** **********;-£2.30;+£173.15;
04/04/2023;CARD PAYMENT;*********** **** ***** ***** ** **********;-£9.99;+£175.45;
04/04/2023;CARD PAYMENT;**** **** **** ***** ***** ** **********;-£3.50;+£185.44;
03/04/2023;CARD PAYMENT;**** ****** *** **** ***** ***** ** **********;-£9.99;+£188.94;
03/04/2023;CARD PAYMENT;****** ************* * **** ***** ***** ** **********;-£5.09;+£198.93;
03/04/2023;DD;DIRECT DEBIT PAYMENT TO UNIHOMES REF *XVQBDR, MANDATE NO ****;-£100.16;+£204.02;
02/04/2023;CARD PAYMENT;****** ************* * **** ***** ***** ** **********;-£2.38;+£304.18;
02/04/2023;CARD PAYMENT;************* **** ***** ***** ** **********;-£33.98;+£306.56;
02/04/2023;CARD PAYMENT;**** ******* ** **********************   ** **********;-£28.50;+£340.54;
01/04/2023;CARD PAYMENT;******* ****** ** **** ***** ***** ** **********;-£2.75;+£369.04;
01/04/2023;CARD PAYMENT;**** ****** *** **** ***** ***** ** **********;-£16.58;+£371.79;
01/04/2023;CARD PAYMENT;**** ****** **** **** ***** ***** ** **********;-£20.00;+£388.37;
31/03/2023;CARD PAYMENT;********* **** ***** ***** ** **********;-£35.19;+£408.37;
31/03/2023;CARD PAYMENT;******** ***** **** **** ***** ***** ** **********;-£0.55;+£443.56;
31/03/2023;CARD PAYMENT;******** ***** **** **** ***** ***** ** **********;-£2.75;+£444.11;
31/03/2023;CREDIT IN;**** **** ****** *** ******** ******** **********;+£385.31;+£446.86;
30/03/2023;CARD PAYMENT;*** ******* ******* **** ***** ***** ** **********;-£1.20;+£61.55;
30/03/2023;CARD PAYMENT;*** ******* ********** **** ***** ***** ** **********;-£2.00;+£62.75;
29/03/2023;CARD PAYMENT;*** ******* ********** **** ***** ***** ** **********;-£4.00;+£64.75;
29/03/2023;CARD PAYMENT;******** ***** **** **** ***** ***** ** **********;-£0.55;+£68.75;
29/03/2023;CARD PAYMENT;******** * **** ***** **** ***** ***** ** **********;-£15.50;+£69.30;
28/03/2023;FAST PAYMENT;****** ******** ******* ************ **** ****** *******;+£650.00;+£84.80;
28/03/2023;FAST PAYMENT;****** ******** ******* ************ **** * *******;+£92.50;-£565.20;
28/03/2023;CARD PAYMENT;******** ***** **** **** ***** ***** ** **********;-£4.40;-£657.70;
28/03/2023;CARD PAYMENT;*** ********* *** **** ***** ***** ** **********;-£10.00;-£653.30;
28/03/2023;CARD PAYMENT;**** ********** **** ***** ***** ** **********;-£34.10;-£643.30;
28/03/2023;CARD PAYMENT;**** ******* ** ** ******** ******   ** **********;-£82.50;-£609.20;
28/03/2023;CARD PAYMENT;******* **** ***** ***** ** **********;-£44.00;-£526.70;
28/03/2023;PAYMENTS;******** ***** *** ****** ******* ** **** ****** *** ********* **** ******* * ******* ** *;-£550.00;-£482.70;
27/03/2023;CARD PAYMENT;**** ******* ** ****** ***************   ** **********;-£4.49;+£67.30;
27/03/2023;FAST PAYMENT;****** ******** ******* ************ **** ****** *******;+£50.00;+£71.79;
26/03/2023;CARD PAYMENT;**** ******* ** **********************   ** **********;-£5.60;+£21.79;
25/03/2023;CARD PAYMENT;******** ***** **** **** ***** ***** ** **********;-£0.55;+£27.39;
25/03/2023;CARD PAYMENT;******** ***** **** **** ***** ***** ** **********;-£0.90;+£27.94;
25/03/2023;CARD PAYMENT;**** ********** **** ***** ***** ** **********;-£25.87;+£28.84;
25/03/2023;CARD PAYMENT;*** ******* ********** **** ***** ***** ** **********;-£2.00;+£54.71;
25/03/2023;CARD PAYMENT;**** ******* ** ****** ************   ** **********;-£83.00;+£56.71;
24/03/2023;CARD PAYMENT;*** ******* ********** **** ***** ***** ** **********;-£2.85;+£139.71;
24/03/2023;CARD PAYMENT;********** ** ****** * **** ***** ***** ** **********;-£3.49;+£142.56;
24/03/2023;FAST PAYMENT;****** ******** ******* ********** **** **** ******** *;+£28.00;+£146.05;
24/03/2023;FAST PAYMENT;****** ******** ******* *********** **** ******** *;+£28.00;+£118.05;
23/03/2023;PAYMENTS;**** ******* *** ****** ******* ** **** * * ******* ********* ******** * ******* ** **;-£15.00;+£90.05;
23/03/2023;FAST PAYMENT;****** ******** ******* ************ **** ****** *******;+£100.00;+£105.05;
23/03/2023;CARD PAYMENT;**** ****** **** **** ***** ***** ** **********;-£20.00;+£5.05;
23/03/2023;CARD PAYMENT;****** *** **** ***** ***** ** **********;-£25.55;+£25.05;
23/03/2023;FAST PAYMENT;****** ******** ******* ************ **** ****** *******;+£60.00;+£50.60;
22/03/2023;CARD PAYMENT;****** ************* * **** ***** ***** ** **********;-£3.93;-£9.40;
21/03/2023;CARD PAYMENT;**** ****** *** **** ***** ***** ** **********;-£27.70;-£5.47;
21/03/2023;CARD PAYMENT;****** *** **** ***** ***** ** **********;-£5.25;+£22.23;
21/03/2023;CARD PAYMENT;******** * **** ***** **** ***** ***** ** **********;-£15.50;+£27.48;
21/03/2023;CARD PAYMENT;******** ***** **** **** ***** ***** ** **********;-£2.65;+£42.98;
21/03/2023;CARD PAYMENT;******* ******* **** ***** ***** ** **********;-£11.20;+£45.63;
20/03/2023;CARD PAYMENT;**** **** ***** ***** ** **********;-£4.68;+£56.83;
20/03/2023;CARD PAYMENT;*** ****** **** ***** ***** ** **********;-£7.00;+£61.51;
19/03/2023;CARD PAYMENT;**** ******* ** **************   ** **********;-£12.00;+£68.51;
19/03/2023;CARD PAYMENT;****** **** **** *** * **** ***** ***** ** **********;-£3.60;+£80.51;
19/03/2023;CARD PAYMENT;****** * ********** **** ***** ***** ** **********;-£9.05;+£84.11;
19/03/2023;CARD PAYMENT;******* **** **** ***** ***** ** **********;-£3.30;+£93.16;
19/03/2023;FAST PAYMENT;****** ******** ******* ************ **** ****** *******;+£70.00;+£96.46;
19/03/2023;FAST PAYMENT;****** ******** ******* ************ **** ****** *******;+£40.00;+£26.46;
19/03/2023;CARD PAYMENT;***** *** **** **** ***** ***** ** **********;-£28.40;-£13.54;
18/03/2023;CARD PAYMENT;******** ***** **** **** ***** ***** ** **********;-£0.85;+£14.86;
18/03/2023;CARD PAYMENT;*** ******* ********** **** ***** ***** ** **********;-£2.00;+£15.71;
17/03/2023;FAST PAYMENT;****** ******** ******* ************ **** ****** *******;+£30.00;+£17.71;
17/03/2023;FAST PAYMENT;****** ******** ******* ************ **** ****** *******;+£40.00;-£12.29;
17/03/2023;CARD PAYMENT;**** ********** **** ***** ***** ** **********;-£43.36;-£52.29;
17/03/2023;CARD PAYMENT;**** ***** **** ***** ***** ** **********;-£1.20;-£8.93;
17/03/2023;CARD PAYMENT;*** ******* ********** **** ***** ***** ** **********;-£6.25;-£7.73;
16/03/2023;CARD PAYMENT;**** ****** *** **** ***** ***** ** **********;-£12.03;-£1.48;
16/03/2023;CARD PAYMENT;******* **** ***** ***** ** **********;-£2.00;+£10.55;
16/03/2023;CARD PAYMENT;****** ************* * **** ***** ***** ** **********;-£4.08;+£12.55;
16/03/2023;CARD PAYMENT;*********** **** ***** ***** ** **********;-£4.99;+£16.63;
16/03/2023;CARD PAYMENT;** ******* ******* *** **** ***** ***** ** **********;-£150.35;+£21.62;
15/03/2023;CARD PAYMENT;******** ******* ***** **** ***** ***** ** **********;-£31.26;+£171.97;
15/03/2023;FAST PAYMENT;****** ******** ******* ************ **** ****** *******;+£155.00;+£203.23;
15/03/2023;FAST PAYMENT;****** ******** ******* ************ **** ****** *******;+£30.00;+£48.23;
15/03/2023;CARD PAYMENT;******* **** ***** ***** ** **********;-£1.60;+£18.23;
15/03/2023;CARD PAYMENT;******* **** ***** ***** ** **********;-£1.60;+£19.83;
15/03/2023;CARD PAYMENT;******* ******* **** ***** ***** ** **********;-£11.20;+£21.43;
15/03/2023;CARD PAYMENT;******** * **** ***** **** ***** ***** ** **********;-£15.50;+£32.63;
14/03/2023;CARD PAYMENT;** ** ***** **** **** ***** ***** ** **********;-£1.49;+£48.13;
14/03/2023;CARD PAYMENT;******** ***** **** **** ***** ***** ** **********;-£4.05;+£49.62;
14/03/2023;CARD PAYMENT;******** ***** **** ***** ***** ** **********;-£4.50;+£53.67;
14/03/2023;PAYMENTS;******** ***** *** ****** ******* ** ******** ******* ********* ******* * ******* ** ****;-£3.00;+£58.17;
13/03/2023;PAYMENTS;**** ******* *** ****** ******* ** **** * * ******* ********* ******** * ******* ** **;-£12.50;+£61.17;
13/03/2023;FAST PAYMENT;****** ******** ******* ************ **** ****** *******;+£100.00;+£73.67;
13/03/2023;CARD PAYMENT;**** ******* **** ***** ***** ** **********;-£0.99;-£26.33;
12/03/2023;CARD PAYMENT;****** ******* *** *** **** ***** ***** ** **********;-£2.50;-£25.34;
12/03/2023;CARD PAYMENT;******** **** **** ***** ***** ** **********;-£2.63;-£22.84;
12/03/2023;CARD PAYMENT;****** ************* * **** ***** ***** ** **********;-£2.09;-£20.21;
11/03/2023;CARD PAYMENT;**** ******* ** ******** *** **** ***   ** **********;-£2.00;-£18.12;
11/03/2023;CARD PAYMENT;****** *** **** ***** ***** ** **********;-£2.40;-£16.12;
11/03/2023;CARD PAYMENT;****** ************* * **** ***** ***** ** **********;-£3.25;-£13.72;
11/03/2023;CARD PAYMENT;****** ************* * **** ***** ***** ** **********;-£1.45;-£10.47;
11/03/2023;CARD PAYMENT;****** *** **** ***** ***** ** **********;-£5.95;-£9.02;
11/03/2023;CARD PAYMENT;**** ******* **** ***** ***** ** **********;-£3.00;-£3.07;
11/03/2023;CARD PAYMENT;**** ******* **** ***** ***** ** **********;-£15.00;-£0.07;
11/03/2023;CARD PAYMENT;**** ******* **** ***** ***** ** **********;-£2.00;+£14.93;
11/03/2023;CARD PAYMENT;**** ****** ******* **** ***** ***** ** **********;-£19.95;+£16.93;
10/03/2023;CARD PAYMENT;**** ***** **** ***** ***** ** **********;-£3.25;+£36.88;
10/03/2023;CARD PAYMENT;****** ************* * **** ***** ***** ** **********;-£1.45;+£40.13;
09/03/2023;CARD PAYMENT;********** ****** **** ***** ***** ** **********;-£3.07;+£41.58;
09/03/2023;CARD PAYMENT;** ** ***** **** **** ***** ***** ** **********;-£1.65;+£44.65;
09/03/2023;CARD PAYMENT;********* **** ***** ***** ** **********;-£4.80;+£46.30;
09/03/2023;CARD PAYMENT;******* **** ***** ***** ** **********;-£5.00;+£51.10;
08/03/2023;CARD PAYMENT;**** ***** **** ***** ***** ** **********;-£12.47;+£56.10;
08/03/2023;FAST PAYMENT;****** ******** ******* ************ **** ****** *******;+£50.00;+£68.57;
08/03/2023;CARD PAYMENT;********** ** ****** * **** ***** ***** ** **********;-£2.99;+£18.57;
07/03/2023;CARD PAYMENT;******** * **** ***** **** ***** ***** ** **********;-£15.50;+£21.56;
07/03/2023;CARD PAYMENT;******** ***** **** **** ***** ***** ** **********;-£4.00;+£37.06;
07/03/2023;CARD PAYMENT;************** **** ***** ***** ** **********;-£11.50;+£41.06;
06/03/2023;CARD PAYMENT;**** ****** *** **** ***** ***** ** **********;-£23.04;+£52.56;
06/03/2023;CARD PAYMENT;******* ******* **** ***** ***** ** **********;-£3.75;+£75.60;
06/03/2023;CARD PAYMENT;****** *** **** ***** ***** ** **********;-£3.60;+£79.35;
06/03/2023;CARD PAYMENT;********** ****** **** ***** ***** ** **********;-£3.50;+£82.95;
06/03/2023;CARD PAYMENT;******* **** *** **** ***** ***** ** **********;-£10.35;+£86.45;
06/03/2023;CARD PAYMENT;************* **** ***** ***** ** **********;-£12.10;+£96.80;
05/03/2023;CARD PAYMENT;**** **** ****** ***** **** ***** ***** ** **********;-£30.10;+£108.90;
05/03/2023;CARD PAYMENT;**** ******* ** *** ****** **   ** **********;-£7.70;+£139.00;
05/03/2023;CARD PAYMENT;**** * ****** **** ***** ***** ** **********;-£3.95;+£146.70;
05/03/2023;CARD PAYMENT;********* **** ***** ***** ** **********;-£4.80;+£150.65;
05/03/2023;FAST PAYMENT;****** ******** ******* ************ **** ****** *******;+£120.00;+£155.45;
05/03/2023;CARD PAYMENT;**** **** **** ***** ***** ** **********;-£3.45;+£35.45;
04/03/2023;CARD PAYMENT;** ** ***** **** **** ***** ***** ** **********;-£4.00;+£38.90;
04/03/2023;CARD PAYMENT;**** ****** *** **** ***** ***** ** **********;-£14.42;+£42.90;
04/03/2023;CARD PAYMENT;****** ************* * **** ***** ***** ** **********;-£1.50;+£57.32;
04/03/2023;CARD PAYMENT;****** ************* * **** ***** ***** ** **********;-£1.49;+£58.82;
04/03/2023;FAST PAYMENT;****** ******** ******* ******** **** ******** *;+£50.00;+£60.31;
03/03/2023;CARD PAYMENT;** ** ***** **** **** ***** ***** ** **********;-£4.00;+£10.31;
03/03/2023;CARD PAYMENT;******** ***** **** **** ***** ***** ** **********;-£0.55;+£14.31;
02/03/2023;CARD PAYMENT;********** ** ****** * **** ***** ***** ** **********;-£1.45;+£14.86;
02/03/2023;CARD PAYMENT;****** **** * **** *** **** ***** ***** ** **********;-£24.00;+£16.31;
01/03/2023;CARD PAYMENT;**** ****** *** **** ***** ***** ** **********;-£55.27;+£40.31;
01/03/2023;PAYMENTS;**** ******* *** ****** ******* ** *** ******* ********* ******** * ******* ** **;-£700.00;+£95.58;
01/03/2023;CARD PAYMENT;** ** ***** **** **** ***** ***** ** **********;-£4.00;+£795.58;
01/03/2023;CARD PAYMENT;** ** ***** **** **** ***** ***** ** **********;-£1.00;+£799.58;
01/03/2023;CARD PAYMENT;****** ************* * **** ***** ***** ** **********;-£1.25;+£800.58;
01/03/2023;DD;DIRECT DEBIT PAYMENT TO UNIHOMES REF *XVQBDR, MANDATE NO ****;-£88.82;+£801.83;
01/03/2023;CARD PAYMENT;******** * **** ***** **** ***** ***** ** **********;-£15.50;+£890.65;
28/02/2023;CARD PAYMENT;******** ***** **** **** ***** ***** ** **********;-£5.10;+£906.15;
28/02/2023;CARD PAYMENT;****** ****** ******* **** ***** ***** ** **********;-£3.00;+£911.25;
28/02/2023;PAYMENTS;******** ***** *** ****** ******* ** **** ****** *** ********* **** ******* * ******* ** *;-£550.00;+£914.25;
28/02/2023;CREDIT IN;**** **** ****** *** ******** ******** **********;+£758.30;+£1464.25;
27/02/2023;CARD PAYMENT;********** ****** **** ***** ***** ** **********;-£7.65;+£705.95;
27/02/2023;CARD PAYMENT;**** ******* ** ****** ***************   ** **********;-£4.49;+£713.60;
26/02/2023;FAST PAYMENT;****** ******** ******* ************ **** ****** *******;+£640.00;+£718.09;
26/02/2023;FAST PAYMENT;****** ******** ******* ************ **** ****** *******;+£110.00;+£78.09;
26/02/2023;CARD PAYMENT;**** ********** **** ***** ***** ** **********;-£13.80;-£31.91;
26/02/2023;CARD PAYMENT;*** **** ***** ***** ** **********;-£16.28;-£18.11;
26/02/2023;CARD PAYMENT;******* ******* **** ***** ***** ** **********;-£3.75;-£1.83;
25/02/2023;CARD PAYMENT;**** ****** *** **** ***** ***** ** **********;-£12.06;+£1.92;
25/02/2023;CARD PAYMENT;********** ** ****** * **** ***** ***** ** **********;-£9.48;+£13.98;
24/02/2023;CARD PAYMENT;** ** ***** **** **** ***** ***** ** **********;-£1.99;+£23.46;
24/02/2023;FAST PAYMENT;****** ******** ******* ************ **** ****** *******;+£50.00;+£25.45;
24/02/2023;CARD PAYMENT;***** **** ***** ***** ** **********;-£0.95;-£24.55;
23/02/2023;CARD PAYMENT;******** ***** **** **** ***** ***** ** **********;-£0.55;-£23.60;
23/02/2023;CARD PAYMENT;** ** ***** **** **** ***** ***** ** **********;-£4.00;-£23.05;
23/02/2023;CARD PAYMENT;** ** ***** **** **** ***** ***** ** **********;-£3.30;-£19.05;
23/02/2023;CARD PAYMENT;******** ****** **** ***** ***** ** **********;-£4.50;-£15.75;
22/02/2023;CARD PAYMENT;******* **** ***** ***** ** **********;-£10.50;-£11.25;
22/02/2023;CARD PAYMENT;******* **** **** ***** ***** ** **********;-£26.00;-£0.75;
22/02/2023;CARD PAYMENT;****** ************* * **** ***** ***** ** **********;-£4.25;+£25.25;
22/02/2023;CARD PAYMENT;****** **** * **** *** **** ***** ***** ** **********;-£10.50;+£29.50;
22/02/2023;CARD PAYMENT;******** * **** ***** **** ***** ***** ** **********;-£15.50;+£40.00;
22/02/2023;CARD PAYMENT;********** ** ****** * **** ***** ***** ** **********;-£3.49;+£55.50;
21/02/2023;CARD PAYMENT;******** ***** **** **** ***** ***** ** **********;-£4.00;+£58.99;
21/02/2023;FAST PAYMENT;****** ******** ******* ************ **** ****** *******;+£160.00;+£62.99;
21/02/2023;CARD PAYMENT;**** ******* ** ************ *********   ** **********;-£6.99;-£97.01;
21/02/2023;CARD PAYMENT;**** ******* ** ************   ** **********;-£4.99;-£90.02;
20/02/2023;CARD PAYMENT;**** ******* ** ** *********   ** **********;-£40.01;-£85.03;
20/02/2023;CARD PAYMENT;** ** ***** **** **** ***** ***** ** **********;-£1.49;-£45.02;
20/02/2023;CARD PAYMENT;****** ************* * **** ***** ***** ** **********;-£1.00;-£43.53;
19/02/2023;CARD PAYMENT;*** ***** **** ***** ***** ** **********;-£6.50;-£42.53;
19/02/2023;CARD PAYMENT;************ *** ***** **** ***** ***** ** **********;-£8.50;-£36.03;
19/02/2023;CARD PAYMENT;****** ******* **** ***** ***** ** **********;-£1.79;-£27.53;
19/02/2023;CARD PAYMENT;**** ****** **** ***** ***** ** **********;-£2.00;-£25.74;
19/02/2023;CARD PAYMENT;**** ****** **** ***** ***** ** **********;-£4.70;-£23.74;
19/02/2023;CARD PAYMENT;**** ****** **** ***** ***** ** **********;-£10.40;-£19.04;
19/02/2023;CARD PAYMENT;**** ****** **** ***** ***** ** **********;-£1.70;-£8.64;
19/02/2023;CARD PAYMENT;**** ******* ** **********************   ** **********;-£6.99;-£6.94;
19/02/2023;CARD PAYMENT;****** ******** ** **** ***** ***** ** **********;-£6.50;+£0.05;
19/02/2023;CARD PAYMENT;*** **** **** **** ***** ***** ** **********;-£3.50;+£6.55;
18/02/2023;CARD PAYMENT;**** ****** *** **** ***** ***** ** **********;-£11.17;+£10.05;
18/02/2023;CARD PAYMENT;****** ************* * **** ***** ***** ** **********;-£4.75;+£21.22;
18/02/2023;CARD PAYMENT;********** ** ****** * **** ***** ***** ** **********;-£4.34;+£25.97;
17/02/2023;FAST PAYMENT;****** ******** ******* ************ **** ****** *******;+£70.00;+£30.31;
17/02/2023;FAST PAYMENT;****** ******** ******* ******** **** ******** *;+£50.00;-£39.69;
17/02/2023;CARD PAYMENT;******** ***** **** **** ***** ***** ** **********;-£4.00;-£89.69;
17/02/2023;CARD PAYMENT;**** ******* ** **************   ** **********;-£12.00;-£85.69;
16/02/2023;CARD PAYMENT;**** ****** **** **** ***** ***** ** **********;-£20.00;-£73.69;
16/02/2023;CARD PAYMENT;***** ******* ****** **** ***** ***** ** **********;-£1.50;-£53.69;
16/02/2023;CARD PAYMENT;**** ******* ** ******************   ** **********;-£709.42;-£52.19;
15/02/2023;CARD PAYMENT;************* *** **** **** ***** ***** ** **********;-£12.75;+£657.23;
15/02/2023;FAST PAYMENT;****** ******** ******* ************ **** ****** *******;+£710.00;+£669.98;
14/02/2023;CARD PAYMENT;******** * **** ***** **** ***** ***** ** **********;-£15.50;-£40.02;
14/02/2023;CARD PAYMENT;****** ************* * **** ***** ***** ** **********;-£1.30;-£24.52;
14/02/2023;CARD PAYMENT;**** ********** **** ***** ***** ** **********;-£41.84;-£23.22;
14/02/2023;PAYMENTS;******** ***** *** ****** ******* ** ******** ******* ********* ******* * ******* ** ****;-£3.00;+£18.62;
13/02/2023;CARD PAYMENT;********* **** ***** ***** ** **********;-£5.07;+£21.62;
13/02/2023;CARD PAYMENT;**** ***** * ******* **** ***** ***** ** **********;-£4.47;+£26.69;
13/02/2023;CARD PAYMENT;**** ******* ** ****** ************* *   ** **********;-£3.50;+£31.16;
13/02/2023;CARD PAYMENT;**** ****** **** ***** ***** ** **********;-£19.99;+£34.66;
12/02/2023;TRANSFER OUT;**** ******* ** ****** ****** ********* ******;-£12.00;+£54.65;
12/02/2023;CARD PAYMENT;********** ****** **** ***** ***** ** **********;-£3.50;+£66.65;
12/02/2023;FAST PAYMENT;****** ******** ******* ************ **** ****** *******;+£90.00;+£70.15;
11/02/2023;CARD PAYMENT;* * * **** *** **** **** ***** ***** ** **********;-£3.99;-£19.85;
11/02/2023;CARD PAYMENT;************* *** **** **** ***** ***** ** **********;-£17.75;-£15.86;
11/02/2023;CARD PAYMENT;********* **** ***** ***** ** **********;-£4.55;+£1.89;
11/02/2023;CARD PAYMENT;****** **** * **** *** **** ***** ***** ** **********;-£13.00;+£6.44;
11/02/2023;CARD PAYMENT;******** ***** **** **** ***** ***** ** **********;-£4.00;+£19.44;
11/02/2023;CARD PAYMENT;******** ***** **** **** ***** ***** ** **********;-£1.00;+£23.44;
10/02/2023;CARD PAYMENT;********** ** ****** * **** ***** ***** ** **********;-£1.85;+£24.44;
09/02/2023;CARD PAYMENT;**** ********** **** ***** ***** ** **********;-£68.30;+£26.29;
09/02/2023;FAST PAYMENT;****** ******** ******* ************ **** ****** *******;+£160.00;+£94.59;
09/02/2023;CARD PAYMENT;********** ** ****** * **** ***** ***** ** **********;-£1.59;-£65.41;
08/02/2023;CARD PAYMENT;****** *** **** ***** ***** ** **********;-£5.95;-£63.82;
08/02/2023;CARD PAYMENT;**** ***** **** ***** ***** ** **********;-£7.27;-£57.87;
08/02/2023;CARD PAYMENT;****** ************* * **** ***** ***** ** **********;-£4.19;-£50.60;
08/02/2023;CARD PAYMENT;****** ************* * **** ***** ***** ** **********;-£5.29;-£46.41;
08/02/2023;CARD PAYMENT;****** ******* *** *** **** ***** ***** ** **********;-£2.50;-£41.12;
08/02/2023;CARD PAYMENT;******** * **** ***** **** ***** ***** ** **********;-£15.50;-£38.62;
08/02/2023;CARD PAYMENT;********** ** ****** * **** ***** ***** ** **********;-£1.59;-£23.12;
07/02/2023;CARD PAYMENT;******** ***** **** **** ***** ***** ** **********;-£4.00;-£21.53;
07/02/2023;CARD PAYMENT;***** **** ***** ***** ** **********;-£3.60;-£17.53;
07/02/2023;CARD PAYMENT;*************** **** ***** ***** ** **********;-£14.00;-£13.93;
06/02/2023;CARD PAYMENT;**** ******* ** ************   ** **********;-£15.98;+£0.07;
06/02/2023;CARD PAYMENT;**** ******* ** ************   ** **********;-£19.99;+£16.05;
06/02/2023;CARD PAYMENT;** ** ***** **** **** ***** ***** ** **********;-£2.00;+£36.04;
06/02/2023;CARD PAYMENT;********* **** ***** ***** ** **********;-£21.00;+£38.04;
06/02/2023;CARD PAYMENT;**** ******* ** **********************   ** **********;-£11.50;+£59.04;
05/02/2023;CARD PAYMENT;****** ************* * **** ***** ***** ** **********;-£5.53;+£70.54;
04/02/2023;CARD PAYMENT;**** ******* **** ***** ***** ** **********;-£1.99;+£76.07;
04/02/2023;CARD PAYMENT;** ** ***** **** **** ***** ***** ** **********;-£0.95;+£78.06;
04/02/2023;CARD PAYMENT;** ** ***** **** **** ***** ***** ** **********;-£1.49;+£79.01;
04/02/2023;FAST PAYMENT;****** ******** ******* ************ **** ****** *******;+£60.00;+£80.50;
04/02/2023;FAST PAYMENT;****** ******** ******* ************ **** ****** *******;+£27.00;+£20.50;
04/02/2023;FAST PAYMENT;****** ******** ******* ************ **** ******** *;+£25.00;-£6.50;
03/02/2023;CARD PAYMENT;**** ****** *** **** ***** ***** ** **********;-£51.46;-£31.50;
03/02/2023;CARD PAYMENT;******** **** **** ***** ***** ** **********;-£7.58;+£19.96;
03/02/2023;CARD PAYMENT;******** ***** **** **** ***** ***** ** **********;-£4.00;+£27.54;
03/02/2023;CARD PAYMENT;******** ***** **** **** ***** ***** ** **********;-£0.50;+£31.54;
02/02/2023;CARD PAYMENT;*** **** **** ***** ***** ** **********;-£5.00;+£32.04;
02/02/2023;CARD PAYMENT;*** **** **** ***** ***** ** **********;-£2.50;+£37.04;
02/02/2023;CARD PAYMENT;**** ******* ** ************   ** **********;-£22.09;+£39.54;
02/02/2023;CARD PAYMENT;**** ****** **** **** ***** ***** ** **********;-£41.81;+£61.63;
02/02/2023;CARD PAYMENT;********* **** ***** ***** ** **********;-£9.00;+£103.44;
02/02/2023;CARD PAYMENT;**** **** *** **** **** ***** ***** ** **********;-£3.60;+£112.44;
02/02/2023;FAST PAYMENT;****** ******** ******* ************ **** ****** *******;+£80.00;+£116.04;
02/02/2023;CARD PAYMENT;**** ******* ** ******************   ** **********;-£12.99;+£36.04;
01/02/2023;CARD PAYMENT;****** *** **** ***** ***** ** **********;-£9.00;+£49.03;
01/02/2023;CARD PAYMENT;***** *** **** ***** ***** ** **********;-£12.88;+£58.03;
01/02/2023;PAYMENTS;**** ******* *** ****** ******* ** *** ******* ********* ******** * ******* ** **;-£280.00;+£70.91;
01/02/2023;DD;DIRECT DEBIT PAYMENT TO UNIHOMES REF *XVQBDR, MANDATE NO ****;-£88.82;+£350.91;
01/02/2023;CARD PAYMENT;******** * **** ***** **** ***** ***** ** **********;-£16.65;+£439.73;
01/02/2023;CARD PAYMENT;********** ** ****** * **** ***** ***** ** **********;-£1.65;+£456.38;
31/01/2023;CARD PAYMENT;********** ****** **** ***** ***** ** **********;-£7.48;+£458.03;
31/01/2023;CARD PAYMENT;**** ******* ** ******************   ** **********;-£29.84;+£465.51;
31/01/2023;CREDIT IN;**** **** ****** *** ******** ******** **********;+£369.23;+£495.35;
30/01/2023;FAST PAYMENT;****** ******** ******* ************ **** ****** *******;+£640.00;+£126.12;
30/01/2023;CARD PAYMENT;**** ******* ** ************   ** **********;-£12.46;-£513.88;
30/01/2023;PAYMENTS;******** ***** *** ****** ******* ** **** ****** *** ********* **** ******* * ******* ** *;-£550.00;-£501.42;
30/01/2023;FAST PAYMENT;****** ******** ******* ************ **** ****** *******;+£20.00;+£48.58;
30/01/2023;PAYMENTS;**** ******* *** ****** ******* ** **** * * ******* ********* ******** * ******* ** **;-£23.00;+£28.58;
29/01/2023;CARD PAYMENT;********* **** ***** ***** ** **********;-£6.87;+£51.58;
29/01/2023;CARD PAYMENT;**** ******* ** ************   ** **********;-£29.49;+£58.45;
29/01/2023;CARD PAYMENT;********** ****** **** ***** ***** ** **********;-£3.35;+£87.94;
28/01/2023;CARD PAYMENT;****** *** **** ***** ***** ** **********;-£8.55;+£91.29;
28/01/2023;FAST PAYMENT;****** ******** ******* ************ **** * *******;+£30.00;+£99.84;
28/01/2023;CARD PAYMENT;********** ** ****** * **** ***** ***** ** **********;-£0.80;+£69.84;
27/01/2023;CARD PAYMENT;****** ************* * **** ***** ***** ** **********;-£3.98;+£70.64;
27/01/2023;FAST PAYMENT;****** ******** ******* ************ **** ****** *******;+£70.00;+£74.62;
27/01/2023;CARD PAYMENT;**** ***** **** ***** ***** ** **********;-£1.00;+£4.62;
27/01/2023;CARD PAYMENT;**** ******* ** ****** ***************   ** **********;-£4.49;+£5.62;
26/01/2023;CARD PAYMENT;********** ** ****** * **** ***** ***** ** **********;-£3.49;+£10.11;
25/01/2023;CARD PAYMENT;********** ****** **** ***** ***** ** **********;-£1.50;+£13.60;
25/01/2023;CARD PAYMENT;********** ***** **** ***** ***** ** **********;-£5.90;+£15.10;
25/01/2023;CARD PAYMENT;**** ****** *** **** ***** ***** ** **********;-£9.31;+£21.00;
25/01/2023;CARD PAYMENT;** ***** ******** **** ***** ***** ** **********;-£6.49;+£30.31;
25/01/2023;CARD PAYMENT;********** ***** **** ***** ***** ** **********;-£10.00;+£36.80;
25/01/2023;FAST PAYMENT;****** ******** ******* ************ **** ****** *******;+£30.00;+£46.80;
25/01/2023;CARD PAYMENT;******** * **** ***** **** ***** ***** ** **********;-£16.65;+£16.80;
25/01/2023;CARD PAYMENT;**** ******* ** ************   ** **********;-£2.99;+£33.45;
24/01/2023;CARD PAYMENT;**** ****** *** **** ***** ***** ** **********;-£13.70;+£36.44;
24/01/2023;CARD PAYMENT;** ** ***** **** **** ***** ***** ** **********;-£2.75;+£50.14;
24/01/2023;CARD PAYMENT;****** ************* * **** ***** ***** ** **********;-£1.99;+£52.89;
24/01/2023;CARD PAYMENT;**** *** **** ***** **** ***** ***** ** **********;-£4.37;+£54.88;
24/01/2023;CARD PAYMENT;******** * **** ***** **** ***** ***** ** **********;-£4.00;+£59.25;
23/01/2023;CARD PAYMENT;***** ***** **** ***** ***** ** **********;-£3.50;+£63.25;
23/01/2023;CARD PAYMENT;************ ***** * **** ***** ***** ** **********;-£10.10;+£66.75;
23/01/2023;CARD PAYMENT;****** ************* * **** ***** ***** ** **********;-£0.85;+£76.85;
22/01/2023;CARD PAYMENT;****** *** **** ***** ***** ** **********;-£1.20;+£77.70;
22/01/2023;CARD PAYMENT;******* **** ***** ***** ** **********;-£2.00;+£78.90;
22/01/2023;CARD PAYMENT;******** * **** ***** **** ***** ***** ** **********;-£4.00;+£80.90;
21/01/2023;CARD PAYMENT;********* **** ***** ***** ** **********;-£9.00;+£84.90;
21/01/2023;CARD PAYMENT;**** ******* ** **** **** *** ****   ** **********;-£3.60;+£93.90;
21/01/2023;CARD PAYMENT;**** **** **** ***** ***** ** **********;-£1.99;+£97.50;
21/01/2023;CARD PAYMENT;**** ****** **** **** ***** ***** ** **********;-£21.38;+£99.49;
21/01/2023;PAYMENTS;**** ******* *** ****** ******* ** *** ******* ********* ******** * ******* ** **;-£2600.00;+£120.87;
20/01/2023;CARD PAYMENT;**** ******* ** ******* ******* * **   ** **********;-£13.97;+£2720.87;
20/01/2023;CARD PAYMENT;******** * **** ***** **** ***** ***** ** **********;-£4.00;+£2734.84;
20/01/2023;CARD PAYMENT;**** ******* ** ****** **** *** ***   ** **********;-£139.00;+£2738.84;
20/01/2023;FAST PAYMENT;****** ******** ******* ******** **** ******** *;+£14.00;+£2877.84;
19/01/2023;FAST PAYMENT;****** ******** ******* ************ **** ****** *******;+£140.00;+£2863.84;
19/01/2023;FAST PAYMENT;****** ******** ******* ************ **** ****** *******;+£40.00;+£2723.84;
18/01/2023;CARD PAYMENT;**** ****** **** **** ***** ***** ** **********;-£30.25;+£2683.84;
18/01/2023;CARD PAYMENT;**** ****** **** **** ***** ***** ** **********;-£1.00;+£2714.09;
18/01/2023;CARD PAYMENT;**** ******* ** **************   ** **********;-£12.00;+£2715.09;
18/01/2023;CARD PAYMENT;******** ***** ****** **** ***** ***** ** **********;-£20.30;+£2727.09;
18/01/2023;CARD PAYMENT;************* *** **** **** ***** ***** ** **********;-£5.75;+£2747.39;
18/01/2023;CARD PAYMENT;**** ******* ** ****** **** *** ******   ** **********;-£2.00;+£2753.14;
18/01/2023;CARD PAYMENT;************* **** ***** ***** ** **********;-£9.75;+£2755.14;
18/01/2023;CARD PAYMENT;********* **** ***** ***** ** **********;-£10.35;+£2764.89;
17/01/2023;CARD PAYMENT;**** ******* ** ******** *** **** ***   ** **********;-£2.00;+£2775.24;
17/01/2023;CARD PAYMENT;*** ******** **** ***** ***** ** **********;-£1.95;+£2777.24;
16/01/2023;CARD PAYMENT;****** ************* * **** ***** ***** ** **********;-£3.74;+£2779.19;
16/01/2023;PAYMENTS;******** ***** *** ****** ******* ** ******** ******* ********* ******* * ******* ** ****;-£3.00;+£2782.93;
15/01/2023;CARD PAYMENT;********** ****** **** ***** ***** ** **********;-£3.50;+£2785.93;
15/01/2023;CARD PAYMENT;**** ***** **** ***** ***** ** **********;-£18.70;+£2789.43;
14/01/2023;CARD PAYMENT;***** *** **** ***** ***** ** **********;-£12.32;+£2808.13;
14/01/2023;CARD PAYMENT;************ * ***** * **** ***** ***** ** **********;-£20.00;+£2820.45;
14/01/2023;CARD PAYMENT;***** *** **** ***** ***** ** **********;-£5.70;+£2840.45;
14/01/2023;CARD PAYMENT;***** *** **** ***** ***** ** **********;-£7.50;+£2846.15;
14/01/2023;CARD PAYMENT;***** *** **** ***** ***** ** **********;-£5.70;+£2853.65;
14/01/2023;CARD PAYMENT;***** *** **** ***** ***** ** **********;-£7.50;+£2859.35;
14/01/2023;CARD PAYMENT;******** * **** ***** **** ***** ***** ** **********;-£3.60;+£2866.85;
11/01/2023;CARD PAYMENT;**** ********** **** ***** ***** ** **********;-£40.05;+£2870.45;
11/01/2023;CARD PAYMENT;**** ********** **** ***** ***** ** **********;-£41.89;+£2910.50;
10/01/2023;CARD PAYMENT;**** ****** *** **** ***** ***** ** **********;-£7.97;+£2952.39;
10/01/2023;CARD PAYMENT;****** *** **** ***** ***** ** **********;-£2.40;+£2960.36;
09/01/2023;CARD PAYMENT;************* * **** * **** ***** ***** ** **********;-£25.30;+£2962.76;
09/01/2023;CARD PAYMENT;*** ***** **** *** *** **** ***** ***** ** **********;-£4.00;+£2988.06;
09/01/2023;CARD PAYMENT;******** * **** ***** **** ***** ***** ** **********;-£3.60;+£2992.06;
08/01/2023;CARD PAYMENT;******* **** ***** ***** ** **********;-£6.50;+£2995.66;
07/01/2023;CARD PAYMENT;**** ******* ** ******** *** **** ***   ** **********;-£2.00;+£3002.16;
07/01/2023;CARD PAYMENT;**** ****** *** **** ***** ***** ** **********;-£52.59;+£3004.16;
07/01/2023;CARD PAYMENT;**** ****** *** **** ***** ***** ** **********;-£10.60;+£3056.75;
06/01/2023;FAST PAYMENT;****** ******** ******* ******** **** ******** *;+£25.50;+£3067.35;
06/01/2023;CARD PAYMENT;****** ****** **** ***** ***** ** **********;-£6.70;+£3041.85;
06/01/2023;CARD PAYMENT;****** ************* * **** ***** ***** ** **********;-£1.99;+£3048.55;
06/01/2023;CARD PAYMENT;******** * **** ***** **** ***** ***** ** **********;-£3.60;+£3050.54;
05/01/2023;CARD PAYMENT;****** *** **** ***** ***** ** **********;-£1.20;+£3054.14;
05/01/2023;CARD PAYMENT;**** ******* ** **********************   ** **********;-£6.25;+£3055.34;
05/01/2023;CARD PAYMENT;******** * **** ***** **** ***** ***** ** **********;-£3.60;+£3061.59;
03/01/2023;CARD PAYMENT;**** ****** **** **** ***** ***** ** **********;-£20.00;+£3065.19;
03/01/2023;CARD PAYMENT;**** ********** **** ***** ***** ** **********;-£4.45;+£3085.19;
03/01/2023;DD;DIRECT DEBIT PAYMENT TO UNIHOMES REF *XVQBDR, MANDATE NO ****;-£89.16;+£3089.64;
03/01/2023;CREDIT IN;**** **** ****** *** *** ************** ***********;+£3032.70;+£3178.80;
02/01/2023;FAST PAYMENT;****** ******** ******* ************ **** * *******;+£20.00;+£146.10;
02/01/2023;CARD PAYMENT;****** ************* * **** ***** ***** ** **********;-£3.78;+£126.10;
01/01/2023;CARD PAYMENT;**** ****** *** **** ***** ***** ** **********;-£6.68;+£129.88;
31/12/2022;CARD PAYMENT;****** ************* * **** ***** ***** ** **********;-£2.58;+£136.56;
30/12/2022;FAST PAYMENT;****** ******** ******* ************ **** * *******;+£750.00;+£139.14;
30/12/2022;PAYMENTS;**** ******* *** ****** ******* ** ** *** ***** ********* *** ******** * ******* ** **;-£20.00;-£610.86;
29/12/2022;CARD PAYMENT;**** ******* ** ************ *** *****   ** **********;-£6.00;-£590.86;
29/12/2022;CARD PAYMENT;**** ****** **** **** ***** ***** ** **********;-£25.00;-£584.86;
29/12/2022;CARD PAYMENT;****** ******* **** ***** ***** ** **********;-£2.79;-£559.86;
28/12/2022;CARD PAYMENT;**** ****** *** **** ***** ***** ** **********;-£45.38;-£557.07;
28/12/2022;CARD PAYMENT;**** ******* ** ******************   ** **********;-£27.99;-£511.69;
28/12/2022;PAYMENTS;******** ***** *** ****** ******* ** **** ****** *** ********* **** ******* * ******* ** *;-£550.00;-£483.70;
27/12/2022;CARD PAYMENT;****** ************* * **** ***** ***** ** **********;-£9.88;+£66.30;
27/12/2022;CARD PAYMENT;**** ******* ** ****** ***************   ** **********;-£4.49;+£76.18;
25/12/2022;CARD PAYMENT;********* **** ***** ***** ** **********;-£6.29;+£80.67;
25/12/2022;CARD PAYMENT;********** ****** **** ***** ***** ** **********;-£94.50;+£86.96;
25/12/2022;CARD PAYMENT;*** *** *** **** ***** ***** ** **********;-£5.10;+£181.46;
24/12/2022;CARD PAYMENT;********** ****** **** ***** ***** ** **********;-£30.00;+£186.56;
24/12/2022;CARD PAYMENT;*** **** **** ***** ***** ** **********;-£3.05;+£216.56;
24/12/2022;FAST PAYMENT;****** ******** ******* ******** ******* **** * *******;+£20.00;+£219.61;
24/12/2022;FAST PAYMENT;****** ******** ******* ************ **** * *******;+£100.00;+£199.61;
24/12/2022;CARD PAYMENT;***************** **** ***** ***** ** **********;-£6.34;+£99.61;
24/12/2022;CARD PAYMENT;************ ***** **** ***** ***** ** **********;-£10.95;+£105.95;
23/12/2022;FAST PAYMENT;****** ******** ******* ************ **** * *******;+£100.00;+£116.90;
23/12/2022;CARD PAYMENT;********** ****** **** ***** ***** ** **********;-£16.50;+£16.90;
23/12/2022;CARD PAYMENT;****** *** **** ***** ***** ** **********;-£2.30;+£33.40;
23/12/2022;ATM CASH IN;**** **** ** ** *** ****** ***** ******* *****;+£40.00;+£35.70;
21/12/2022;CARD PAYMENT;****** ******** ****** **** ***** ***** ** **********;-£4.00;-£4.30;
21/12/2022;CARD PAYMENT;****** ************* * **** ***** ***** ** **********;-£5.18;-£0.30;
21/12/2022;CARD PAYMENT;**** ******* ** ******************   ** **********;-£24.99;+£4.88;
21/12/2022;CARD PAYMENT;**** ****** **** ***** ***** ** **********;-£59.99;+£29.87;
21/12/2022;TRANSFER OUT;**** ******* ** ****** ****** ********* ******;-£28.00;+£89.86;
21/12/2022;CREDIT IN;**** ******* **** ** ****** ****** ******** ******* ********* **** ***;+£0.10;+£117.86;
20/12/2022;FAST PAYMENT;****** ******** ******* ************ **** * *******;+£100.00;+£117.76;
20/12/2022;CARD PAYMENT;********* **** ***** ***** ** **********;-£7.36;+£17.76;
20/12/2022;CARD PAYMENT;**** ******* ** *** ****** **   ** **********;-£5.00;+£25.12;
20/12/2022;CARD PAYMENT;*************** ****** **** ***** ***** ** **********;-£6.00;+£30.12;
20/12/2022;CARD PAYMENT;** ***** **** ***** ***** ** **********;-£3.88;+£36.12;
20/12/2022;CARD PAYMENT;********** ****** **** ***** ***** ** **********;-£4.75;+£40.00;
20/12/2022;CARD PAYMENT;**** ******* ** **************   ** **********;-£12.00;+£44.75;
20/12/2022;CARD PAYMENT;****** ************* * **** ***** ***** ** **********;-£1.99;+£56.75;
20/12/2022;CARD PAYMENT;******** ***** **** ***** ***** ** **********;-£4.00;+£58.74;
19/12/2022;CARD PAYMENT;** ***** ******* ***** **** ***** ***** ** **********;-£18.05;+£62.74;
19/12/2022;CARD PAYMENT;****** ************* * **** ***** ***** ** **********;-£5.08;+£80.79;
19/12/2022;CARD PAYMENT;****** ************* * **** ***** ***** ** **********;-£8.00;+£85.87;
19/12/2022;CARD PAYMENT;**** ******* ** ****** ************   ** **********;-£544.98;+£93.87;
19/12/2022;CARD PAYMENT;**** ***** ******** **** ***** ***** ** **********;-£32.97;+£638.85;
18/12/2022;CARD PAYMENT;************* ***** **** ***** ***** ** **********;-£11.05;+£671.82;
18/12/2022;CARD PAYMENT;******** ****** **** ***** ***** ** **********;-£17.00;+£682.87;
18/12/2022;FAST PAYMENT;****** ******** ******* ************ **** * *******;+£544.00;+£699.87;
17/12/2022;CARD PAYMENT;************ ***** * **** ***** ***** ** **********;-£11.95;+£155.87;
17/12/2022;CARD PAYMENT;***** ***** **** ***** ***** ** **********;-£15.98;+£167.82;
17/12/2022;CARD PAYMENT;***** ***** **** ***** ***** ** **********;-£6.00;+£183.80;
17/12/2022;CARD PAYMENT;***** **** ***** **** ***** ***** ** **********;-£30.93;+£189.80;
16/12/2022;PAYMENTS;**** ******* *** ****** ******* ** *** ******* ********* ******** * ******* ** **;-£300.00;+£220.73;
16/12/2022;CARD PAYMENT;**** ********** **** ***** ***** ** **********;-£59.92;+£520.73;
16/12/2022;CREDIT IN;**** **** ****** *** ******** ******** **********;+£527.96;+£580.65;
15/12/2022;CARD PAYMENT;**** ****** *** **** ***** ***** ** **********;-£10.42;+£52.69;
15/12/2022;CARD PAYMENT;****** ************* * **** ***** ***** ** **********;-£1.49;+£63.11;
14/12/2022;FAST PAYMENT;****** ******** ******* ************ **** * *******;+£150.00;+£64.60;
14/12/2022;CARD PAYMENT;****** ************* * **** ***** ***** ** **********;-£2.49;-£85.40;
14/12/2022;PAYMENTS;******** ***** *** ****** ******* ** ******** ******* ********* ******* * ******* ** ****;-£3.00;-£82.91;
13/12/2022;CARD PAYMENT;****** ************* * **** ***** ***** ** **********;-£7.99;-£79.91;
12/12/2022;CARD PAYMENT;****** ************* * **** ***** ***** ** **********;-£2.19;-£71.92;
12/12/2022;CARD PAYMENT;***** ****** ********* **** ***** ***** ** **********;-£10.20;-£69.73;
11/12/2022;CARD PAYMENT;**** ****** *** **** ***** ***** ** **********;-£32.26;-£59.53;
11/12/2022;CARD PAYMENT;**** ******* **** ***** ***** ** **********;-£6.78;-£27.27;
11/12/2022;CARD PAYMENT;***** ****** **** ***** ***** ** **********;-£15.00;-£20.49;
11/12/2022;CARD PAYMENT;************** **** ***** ***** ** **********;-£13.99;-£5.49;
11/12/2022;CARD PAYMENT;***** **** ***** **** ***** ***** ** **********;-£5.99;+£8.50;
11/12/2022;CARD PAYMENT;******* ******** **** ***** ***** ** **********;-£25.00;+£14.49;
10/12/2022;CARD PAYMENT;********* **** ***** ***** ** **********;-£5.36;+£39.49;
10/12/2022;CARD PAYMENT;****** ******* *** **** ***** ***** ** **********;-£5.80;+£44.85;
10/12/2022;CARD PAYMENT;** ** ***** **** **** ***** ***** ** **********;-£5.75;+£50.65;
10/12/2022;CARD PAYMENT;**** ********** **** ***** ***** ** **********;-£15.49;+£56.40;
10/12/2022;CARD PAYMENT;********** **** ***** ***** ** **********;-£5.80;+£71.89;
10/12/2022;CARD PAYMENT;********** **** ***** ***** ** **********;-£5.80;+£77.69;
10/12/2022;CARD PAYMENT;********** **** ***** ***** ** **********;-£5.80;+£83.49;
09/12/2022;CARD PAYMENT;********** ****** **** ***** ***** ** **********;-£3.50;+£89.29;
09/12/2022;CARD PAYMENT;**** ******* ** ****** ******   ** **********;-£2.00;+£92.79;
09/12/2022;FAST PAYMENT;****** ******** ******* ************ **** * *******;+£140.00;+£94.79;
09/12/2022;CARD PAYMENT;********** ** ****** * **** ***** ***** ** **********;-£1.45;-£45.21;
08/12/2022;CARD PAYMENT;**** ****** *** **** ***** ***** ** **********;-£3.99;-£43.76;
08/12/2022;CARD PAYMENT;****** ******** *** **** ***** ***** ** **********;-£3.00;-£39.77;
08/12/2022;CARD PAYMENT;************ **** **** **** ***** ***** ** **********;-£3.30;-£36.77;
08/12/2022;CARD PAYMENT;****** ******* **** ***** ***** ** **********;-£2.30;-£33.47;
08/12/2022;CARD PAYMENT;****** ************* * **** ***** ***** ** **********;-£5.00;-£31.17;
07/12/2022;CARD PAYMENT;**** ****** **** **** ***** ***** ** **********;-£21.00;-£26.17;
07/12/2022;CARD PAYMENT;******** ***** **** **** ***** ***** ** **********;-£0.50;-£5.17;
07/12/2022;CARD PAYMENT;******** ***** **** **** ***** ***** ** **********;-£0.50;-£4.67;
07/12/2022;CARD PAYMENT;**** ********** **** ***** ***** ** **********;-£54.09;-£4.17;
07/12/2022;CARD PAYMENT;****** ************* * **** ***** ***** ** **********;-£1.25;+£49.92;
07/12/2022;CARD PAYMENT;********** ** ****** * **** ***** ***** ** **********;-£4.99;+£51.17;
07/12/2022;FAST PAYMENT;****** ******** ******* ******** **** ******** *;+£27.00;+£56.16;
06/12/2022;CARD PAYMENT;****** *** **** ***** ***** ** **********;-£5.95;+£29.16;
06/12/2022;CARD PAYMENT;**** ******* ** ****************   ** **********;-£2.00;+£35.11;
06/12/2022;CARD PAYMENT;********** ** ****** * **** ***** ***** ** **********;-£6.90;+£37.11;
05/12/2022;CARD PAYMENT;**** ******* ** ****** ******   ** **********;-£2.00;+£44.01;
05/12/2022;CARD PAYMENT;****** ************* * **** ***** ***** ** **********;-£1.00;+£46.01;
04/12/2022;CARD PAYMENT;********* **** ***** ***** ** **********;-£2.99;+£47.01;
04/12/2022;CARD PAYMENT;****** ****** **** ***** ***** ** **********;-£3.70;+£50.00;
03/12/2022;PAYMENTS;**** ******* *** ****** ******* ** **** ******** * ********* ****** ***** * ******* ** **;-£25.00;+£53.70;
03/12/2022;CARD PAYMENT;*** *** ******* **** ***** ***** ** **********;-£2.25;+£78.70;
03/12/2022;FAST PAYMENT;****** ******** ******* ************ **** * *******;+£15.00;+£80.95;
03/12/2022;FAST PAYMENT;****** ******** ******* ************ **** * *******;+£70.00;+£65.95;
03/12/2022;CARD PAYMENT;******** ***** **** **** ***** ***** ** **********;-£4.00;-£4.05;
03/12/2022;PAYMENTS;**** ******* *** ****** ******* ** **** ***** * *** ********* ****** ********** * *******;-£15.00;-£0.05;
02/12/2022;CARD PAYMENT;****** *** **** ***** ***** ** **********;-£6.85;+£14.95;
02/12/2022;CARD PAYMENT;****** *** **** ***** ***** ** **********;-£4.90;+£21.80;
01/12/2022;CARD PAYMENT;**** ****** *** **** ***** ***** ** **********;-£34.33;+£26.70;
01/12/2022;CARD PAYMENT;*********** ******** * **** ***** ***** ** **********;-£9.00;+£61.03;
01/12/2022;CARD PAYMENT;****** *** **** ***** ***** ** **********;-£1.15;+£70.03;
01/12/2022;FAST PAYMENT;****** ******** ******* ************ **** * *******;+£120.00;+£71.18;
01/12/2022;CARD PAYMENT;******** ***** **** ***** ***** ** **********;-£3.00;-£48.82;
01/12/2022;CARD PAYMENT;**** ******* **** ***** ***** ** **********;-£0.99;-£45.82;
01/12/2022;DD;DIRECT DEBIT PAYMENT TO UNIHOMES REF *XVQBDR, MANDATE NO ****;-£89.16;-£44.83;
30/11/2022;PAYMENTS;**** ******* *** ****** ******* ** *** ******* ********* ******** * ******* ** **;-£548.00;+£44.33;
30/11/2022;CARD PAYMENT;****** **** * **** *** **** ***** ***** ** **********;-£11.25;+£592.33;
30/11/2022;CARD PAYMENT;**** ******* ** **********************   ** **********;-£14.79;+£603.58;
30/11/2022;CREDIT IN;**** **** ****** *** ******** ******** **********;+£548.90;+£618.37;
29/11/2022;CARD PAYMENT;******** ***** **** **** ***** ***** ** **********;-£4.00;+£69.47;
29/11/2022;CARD PAYMENT;******** ***** **** **** ***** ***** ** **********;-£1.00;+£73.47;
28/11/2022;FAST PAYMENT;****** ******** ******* ************ **** * *******;+£758.00;+£74.47;
28/11/2022;PAYMENTS;******** ***** *** ****** ******* ** **** ****** *** ********* **** ******* * ******* ** *;-£550.00;-£683.53;
27/11/2022;CARD PAYMENT;**** ******* ** *** ********   ** **********;-£3.90;-£133.53;
27/11/2022;CARD PAYMENT;************** **** ***** ***** ** **********;-£6.99;-£129.63;
27/11/2022;CARD PAYMENT;**** ******* ** ****** ***************   ** **********;-£4.49;-£122.64;
27/11/2022;CARD PAYMENT;******* **** ***** ***** ** **********;-£30.00;-£118.15;
26/11/2022;CARD PAYMENT;***** ***** **** ***** ***** ** **********;-£6.99;-£88.15;
26/11/2022;CARD PAYMENT;***** *** **** ***** ***** ** **********;-£7.50;-£81.16;
26/11/2022;CARD PAYMENT;***** ******** **** ***** ***** ** **********;-£70.50;-£73.66;
25/11/2022;CARD PAYMENT;**** ****** *** **** ***** ***** ** **********;-£20.19;-£3.16;
25/11/2022;FAST PAYMENT;****** ******** ******* ******** **** * *******;+£25.00;+£17.03;
25/11/2022;CARD PAYMENT;******** ***** **** **** ***** ***** ** **********;-£1.15;-£7.97;
23/11/2022;CARD PAYMENT;******** ***** **** **** ***** ***** ** **********;-£4.00;-£6.82;
23/11/2022;CARD PAYMENT;******** ***** **** **** ***** ***** ** **********;-£1.00;-£2.82;
23/11/2022;CARD PAYMENT;**** ******* ** ****** ******   ** **********;-£2.00;-£1.82;
23/11/2022;CARD PAYMENT;********** ** ****** * **** ***** ***** ** **********;-£3.49;+£0.18;
23/11/2022;CARD PAYMENT;********** ** ****** * **** ***** ***** ** **********;-£1.45;+£3.67;
22/11/2022;CARD PAYMENT;**** ****** *** **** ***** ***** ** **********;-£48.36;+£5.12;
22/11/2022;CARD PAYMENT;******** ***** **** **** ***** ***** ** **********;-£0.50;+£53.48;
22/11/2022;CARD PAYMENT;*** ******* ********** **** ***** ***** ** **********;-£2.00;+£53.98;
22/11/2022;CARD PAYMENT;*********** **** ***** ***** ** **********;-£2.00;+£55.98;
21/11/2022;CARD PAYMENT;**** ******* ** ** ***** *****   ** **********;-£2.50;+£57.98;
21/11/2022;FAST PAYMENT;****** ******** ******* ************ **** * *******;+£45.00;+£60.48;
21/11/2022;CARD PAYMENT;******** *** **** ***** ***** ** **********;-£12.00;+£15.48;
21/11/2022;CARD PAYMENT;* * *********** *** **** ***** ***** ** **********;-£2.99;+£27.48;
21/11/2022;CARD PAYMENT;* * *********** *** **** ***** ***** ** **********;-£2.10;+£30.47;
21/11/2022;CARD PAYMENT;**** ******* ** ******** ***********   ** **********;-£17.00;+£32.57;
21/11/2022;CARD PAYMENT;*** ****** **** * *** **** ***** ***** ** **********;-£1.20;+£49.57;
21/11/2022;CARD PAYMENT;********* ****** *** **** ***** ***** ** **********;-£9.62;+£50.77;
21/11/2022;CARD PAYMENT;****** ** ******* **** ***** ***** ** **********;-£3.00;+£60.39;
21/11/2022;CARD PAYMENT;**** ******* ** ****** **** ** *** ***   ** **********;-£2.50;+£63.39;
20/11/2022;FAST PAYMENT;****** ******** ******* ************ **** * *******;+£15.00;+£65.89;
19/11/2022;CARD PAYMENT;****** *** **** ***** ***** ** **********;-£2.15;+£50.89;
19/11/2022;CARD PAYMENT;**** ******* ** **************   ** **********;-£12.00;+£53.04;
19/11/2022;CARD PAYMENT;*** ******* ********** **** ***** ***** ** **********;-£4.00;+£65.04;
19/11/2022;CARD PAYMENT;********** ** ****** * **** ***** ***** ** **********;-£3.49;+£69.04;
19/11/2022;CARD PAYMENT;********** ** ****** * **** ***** ***** ** **********;-£3.00;+£72.53;
18/11/2022;CARD PAYMENT;******** ***** **** **** ***** ***** ** **********;-£1.85;+£75.53;
18/11/2022;CARD PAYMENT;******** ***** **** **** ***** ***** ** **********;-£4.00;+£77.38;
18/11/2022;FAST PAYMENT;****** ******** ******* ************ **** * *******;+£70.00;+£81.38;
18/11/2022;FAST PAYMENT;****** ******** ******* ************ **** * *******;+£2.00;+£11.38;

Arranged overdraft limit;18/12/2023;+£1800.00;
